%YAML 1.1
%TAG !u! tag:unity3d.com,2011:
--- !u!29 &1
OcclusionCullingSettings:
  m_ObjectHideFlags: 0
  serializedVersion: 2
  m_OcclusionBakeSettings:
    smallestOccluder: 5
    smallestHole: 0.25
    backfaceThreshold: 100
  m_SceneGUID: 00000000000000000000000000000000
  m_OcclusionCullingData: {fileID: 0}
--- !u!104 &2
RenderSettings:
  m_ObjectHideFlags: 0
  serializedVersion: 9
  m_Fog: 0
  m_FogColor: {r: 0.5, g: 0.5, b: 0.5, a: 1}
  m_FogMode: 3
  m_FogDensity: 0.01
  m_LinearFogStart: 0
  m_LinearFogEnd: 300
  m_AmbientSkyColor: {r: 0.212, g: 0.227, b: 0.259, a: 1}
  m_AmbientEquatorColor: {r: 0.114, g: 0.125, b: 0.133, a: 1}
  m_AmbientGroundColor: {r: 0.047, g: 0.043, b: 0.035, a: 1}
  m_AmbientIntensity: 1
  m_AmbientMode: 3
  m_SubtractiveShadowColor: {r: 0.42, g: 0.478, b: 0.627, a: 1}
  m_SkyboxMaterial: {fileID: 0}
  m_HaloStrength: 0.5
  m_FlareStrength: 1
  m_FlareFadeSpeed: 3
  m_HaloTexture: {fileID: 0}
  m_SpotCookie: {fileID: 10001, guid: 0000000000000000e000000000000000, type: 0}
  m_DefaultReflectionMode: 0
  m_DefaultReflectionResolution: 128
  m_ReflectionBounces: 1
  m_ReflectionIntensity: 1
  m_CustomReflection: {fileID: 0}
  m_Sun: {fileID: 0}
  m_IndirectSpecularColor: {r: 0, g: 0, b: 0, a: 1}
  m_UseRadianceAmbientProbe: 0
--- !u!157 &3
LightmapSettings:
  m_ObjectHideFlags: 0
  serializedVersion: 11
  m_GIWorkflowMode: 1
  m_GISettings:
    serializedVersion: 2
    m_BounceScale: 1
    m_IndirectOutputScale: 1
    m_AlbedoBoost: 1
    m_TemporalCoherenceThreshold: 1
    m_EnvironmentLightingMode: 0
    m_EnableBakedLightmaps: 0
    m_EnableRealtimeLightmaps: 0
  m_LightmapEditorSettings:
    serializedVersion: 10
    m_Resolution: 2
    m_BakeResolution: 40
    m_AtlasSize: 1024
    m_AO: 0
    m_AOMaxDistance: 1
    m_CompAOExponent: 1
    m_CompAOExponentDirect: 0
    m_Padding: 2
    m_LightmapParameters: {fileID: 0}
    m_LightmapsBakeMode: 1
    m_TextureCompression: 1
    m_FinalGather: 0
    m_FinalGatherFiltering: 1
    m_FinalGatherRayCount: 256
    m_ReflectionCompression: 2
    m_MixedBakeMode: 2
    m_BakeBackend: 0
    m_PVRSampling: 1
    m_PVRDirectSampleCount: 32
    m_PVRSampleCount: 500
    m_PVRBounces: 2
    m_PVRFilterTypeDirect: 0
    m_PVRFilterTypeIndirect: 0
    m_PVRFilterTypeAO: 0
    m_PVRFilteringMode: 1
    m_PVRCulling: 1
    m_PVRFilteringGaussRadiusDirect: 1
    m_PVRFilteringGaussRadiusIndirect: 5
    m_PVRFilteringGaussRadiusAO: 2
    m_PVRFilteringAtrousPositionSigmaDirect: 0.5
    m_PVRFilteringAtrousPositionSigmaIndirect: 2
    m_PVRFilteringAtrousPositionSigmaAO: 1
    m_ShowResolutionOverlay: 1
  m_LightingDataAsset: {fileID: 0}
  m_UseShadowmask: 1
--- !u!196 &4
NavMeshSettings:
  serializedVersion: 2
  m_ObjectHideFlags: 0
  m_BuildSettings:
    serializedVersion: 2
    agentTypeID: 0
    agentRadius: 0.5
    agentHeight: 2
    agentSlope: 45
    agentClimb: 0.4
    ledgeDropHeight: 0
    maxJumpAcrossDistance: 0
    minRegionArea: 2
    manualCellSize: 0
    cellSize: 0.16666667
    manualTileSize: 0
    tileSize: 256
    accuratePlacement: 0
    debug:
      m_Flags: 0
  m_NavMeshData: {fileID: 0}
--- !u!1001 &33402386
Prefab:
  m_ObjectHideFlags: 0
  serializedVersion: 2
  m_Modification:
    m_TransformParent: {fileID: 1194725034}
    m_Modifications:
    - target: {fileID: 4138180075326406, guid: 1684d49001f18dc4c9010b8428601d51, type: 2}
      propertyPath: m_LocalPosition.x
      value: 46.36
      objectReference: {fileID: 0}
    - target: {fileID: 4138180075326406, guid: 1684d49001f18dc4c9010b8428601d51, type: 2}
      propertyPath: m_LocalPosition.y
      value: -1.1800003
      objectReference: {fileID: 0}
    - target: {fileID: 4138180075326406, guid: 1684d49001f18dc4c9010b8428601d51, type: 2}
      propertyPath: m_LocalPosition.z
      value: 0
      objectReference: {fileID: 0}
    - target: {fileID: 4138180075326406, guid: 1684d49001f18dc4c9010b8428601d51, type: 2}
      propertyPath: m_LocalRotation.x
      value: -0
      objectReference: {fileID: 0}
    - target: {fileID: 4138180075326406, guid: 1684d49001f18dc4c9010b8428601d51, type: 2}
      propertyPath: m_LocalRotation.y
      value: -0
      objectReference: {fileID: 0}
    - target: {fileID: 4138180075326406, guid: 1684d49001f18dc4c9010b8428601d51, type: 2}
      propertyPath: m_LocalRotation.z
      value: -0
      objectReference: {fileID: 0}
    - target: {fileID: 4138180075326406, guid: 1684d49001f18dc4c9010b8428601d51, type: 2}
      propertyPath: m_LocalRotation.w
      value: 1
      objectReference: {fileID: 0}
    - target: {fileID: 4138180075326406, guid: 1684d49001f18dc4c9010b8428601d51, type: 2}
      propertyPath: m_RootOrder
      value: 18
      objectReference: {fileID: 0}
    - target: {fileID: 1220359818576190, guid: 1684d49001f18dc4c9010b8428601d51, type: 2}
      propertyPath: m_Name
      value: Cylinder (16)
      objectReference: {fileID: 0}
    - target: {fileID: 1220359818576190, guid: 1684d49001f18dc4c9010b8428601d51, type: 2}
      propertyPath: m_TagString
      value: Wall
      objectReference: {fileID: 0}
    m_RemovedComponents: []
  m_ParentPrefab: {fileID: 100100000, guid: 1684d49001f18dc4c9010b8428601d51, type: 2}
  m_IsPrefabParent: 0
--- !u!4 &33402387 stripped
Transform:
  m_PrefabParentObject: {fileID: 4138180075326406, guid: 1684d49001f18dc4c9010b8428601d51,
    type: 2}
  m_PrefabInternal: {fileID: 33402386}
--- !u!4 &80480902 stripped
Transform:
  m_PrefabParentObject: {fileID: 4138180075326406, guid: 1684d49001f18dc4c9010b8428601d51,
    type: 2}
  m_PrefabInternal: {fileID: 134456473}
--- !u!1 &114234386 stripped
GameObject:
  m_PrefabParentObject: {fileID: 1431412448302702, guid: 03eb23b263083394c9ab98bcd43b017c,
    type: 2}
  m_PrefabInternal: {fileID: 790726999}
--- !u!114 &114234387
MonoBehaviour:
  m_ObjectHideFlags: 0
  m_PrefabParentObject: {fileID: 0}
  m_PrefabInternal: {fileID: 0}
  m_GameObject: {fileID: 114234386}
  m_Enabled: 1
  m_EditorHideFlags: 0
  m_Script: {fileID: 11500000, guid: eccd18f89c5670341b4720cfc2b2b3b8, type: 3}
  m_Name: 
  m_EditorClassIdentifier: 
  jumpForce: 5
  moveSpeed: 3
  scoreText: {fileID: 669875051}
  winText: {fileID: 0}
  winCanvas: {fileID: 0}
--- !u!54 &114234388
Rigidbody:
  m_ObjectHideFlags: 0
  m_PrefabParentObject: {fileID: 0}
  m_PrefabInternal: {fileID: 0}
  m_GameObject: {fileID: 114234386}
  serializedVersion: 2
  m_Mass: 1
  m_Drag: 0
  m_AngularDrag: 0.05
  m_UseGravity: 1
  m_IsKinematic: 0
  m_Interpolate: 0
  m_Constraints: 120
  m_CollisionDetection: 0
--- !u!4 &114234390 stripped
Transform:
  m_PrefabParentObject: {fileID: 4438148145742718, guid: 03eb23b263083394c9ab98bcd43b017c,
    type: 2}
  m_PrefabInternal: {fileID: 790726999}
--- !u!1001 &134456473
Prefab:
  m_ObjectHideFlags: 0
  serializedVersion: 2
  m_Modification:
    m_TransformParent: {fileID: 1194725034}
    m_Modifications:
    - target: {fileID: 4138180075326406, guid: 1684d49001f18dc4c9010b8428601d51, type: 2}
      propertyPath: m_LocalPosition.x
      value: 35.27
      objectReference: {fileID: 0}
    - target: {fileID: 4138180075326406, guid: 1684d49001f18dc4c9010b8428601d51, type: 2}
      propertyPath: m_LocalPosition.y
      value: 5.76
      objectReference: {fileID: 0}
    - target: {fileID: 4138180075326406, guid: 1684d49001f18dc4c9010b8428601d51, type: 2}
      propertyPath: m_LocalPosition.z
      value: 0
      objectReference: {fileID: 0}
    - target: {fileID: 4138180075326406, guid: 1684d49001f18dc4c9010b8428601d51, type: 2}
      propertyPath: m_LocalRotation.x
      value: -0
      objectReference: {fileID: 0}
    - target: {fileID: 4138180075326406, guid: 1684d49001f18dc4c9010b8428601d51, type: 2}
      propertyPath: m_LocalRotation.y
      value: -0
      objectReference: {fileID: 0}
    - target: {fileID: 4138180075326406, guid: 1684d49001f18dc4c9010b8428601d51, type: 2}
      propertyPath: m_LocalRotation.z
      value: -0
      objectReference: {fileID: 0}
    - target: {fileID: 4138180075326406, guid: 1684d49001f18dc4c9010b8428601d51, type: 2}
      propertyPath: m_LocalRotation.w
      value: 1
      objectReference: {fileID: 0}
    - target: {fileID: 4138180075326406, guid: 1684d49001f18dc4c9010b8428601d51, type: 2}
      propertyPath: m_RootOrder
      value: 11
      objectReference: {fileID: 0}
    - target: {fileID: 1220359818576190, guid: 1684d49001f18dc4c9010b8428601d51, type: 2}
      propertyPath: m_Name
      value: Cylinder (11)
      objectReference: {fileID: 0}
    - target: {fileID: 1220359818576190, guid: 1684d49001f18dc4c9010b8428601d51, type: 2}
      propertyPath: m_TagString
      value: Wall
      objectReference: {fileID: 0}
    m_RemovedComponents: []
  m_ParentPrefab: {fileID: 100100000, guid: 1684d49001f18dc4c9010b8428601d51, type: 2}
  m_IsPrefabParent: 0
--- !u!1 &158599695
GameObject:
  m_ObjectHideFlags: 0
  m_PrefabParentObject: {fileID: 0}
  m_PrefabInternal: {fileID: 0}
  serializedVersion: 5
  m_Component:
  - component: {fileID: 158599696}
  - component: {fileID: 158599699}
  - component: {fileID: 158599698}
  - component: {fileID: 158599697}
  m_Layer: 0
  m_Name: Cube (5)
  m_TagString: Score
  m_Icon: {fileID: 0}
  m_NavMeshLayer: 0
  m_StaticEditorFlags: 0
  m_IsActive: 1
--- !u!4 &158599696
Transform:
  m_ObjectHideFlags: 0
  m_PrefabParentObject: {fileID: 0}
  m_PrefabInternal: {fileID: 0}
  m_GameObject: {fileID: 158599695}
  m_LocalRotation: {x: -0, y: -0, z: -0, w: 1}
  m_LocalPosition: {x: 11.334934, y: -5.558243, z: 0.10147524}
  m_LocalScale: {x: 0.5, y: 5, z: 1}
  m_Children: []
  m_Father: {fileID: 1483017920}
  m_RootOrder: 6
  m_LocalEulerAnglesHint: {x: 0, y: 0, z: 0}
--- !u!65 &158599697
BoxCollider:
  m_ObjectHideFlags: 0
  m_PrefabParentObject: {fileID: 0}
  m_PrefabInternal: {fileID: 0}
  m_GameObject: {fileID: 158599695}
  m_Material: {fileID: 0}
  m_IsTrigger: 1
  m_Enabled: 1
  serializedVersion: 2
  m_Size: {x: 1, y: 1, z: 1}
  m_Center: {x: 0, y: 0, z: 0}
--- !u!23 &158599698
MeshRenderer:
  m_ObjectHideFlags: 0
  m_PrefabParentObject: {fileID: 0}
  m_PrefabInternal: {fileID: 0}
  m_GameObject: {fileID: 158599695}
  m_Enabled: 0
  m_CastShadows: 1
  m_ReceiveShadows: 1
  m_DynamicOccludee: 1
  m_MotionVectors: 1
  m_LightProbeUsage: 1
  m_ReflectionProbeUsage: 1
  m_RenderingLayerMask: 4294967295
  m_Materials:
  - {fileID: 10303, guid: 0000000000000000f000000000000000, type: 0}
  m_StaticBatchInfo:
    firstSubMesh: 0
    subMeshCount: 0
  m_StaticBatchRoot: {fileID: 0}
  m_ProbeAnchor: {fileID: 0}
  m_LightProbeVolumeOverride: {fileID: 0}
  m_ScaleInLightmap: 1
  m_PreserveUVs: 0
  m_IgnoreNormalsForChartDetection: 0
  m_ImportantGI: 0
  m_StitchLightmapSeams: 0
  m_SelectedEditorRenderState: 3
  m_MinimumChartSize: 4
  m_AutoUVMaxDistance: 0.5
  m_AutoUVMaxAngle: 89
  m_LightmapParameters: {fileID: 0}
  m_SortingLayerID: 0
  m_SortingLayer: 0
  m_SortingOrder: 0
--- !u!33 &158599699
MeshFilter:
  m_ObjectHideFlags: 0
  m_PrefabParentObject: {fileID: 0}
  m_PrefabInternal: {fileID: 0}
  m_GameObject: {fileID: 158599695}
  m_Mesh: {fileID: 10202, guid: 0000000000000000e000000000000000, type: 0}
--- !u!1001 &160122968
Prefab:
  m_ObjectHideFlags: 0
  serializedVersion: 2
  m_Modification:
    m_TransformParent: {fileID: 1194725034}
    m_Modifications:
    - target: {fileID: 4138180075326406, guid: 1684d49001f18dc4c9010b8428601d51, type: 2}
      propertyPath: m_LocalPosition.x
      value: 21.92
      objectReference: {fileID: 0}
    - target: {fileID: 4138180075326406, guid: 1684d49001f18dc4c9010b8428601d51, type: 2}
      propertyPath: m_LocalPosition.y
      value: 8.16
      objectReference: {fileID: 0}
    - target: {fileID: 4138180075326406, guid: 1684d49001f18dc4c9010b8428601d51, type: 2}
      propertyPath: m_LocalPosition.z
      value: 0
      objectReference: {fileID: 0}
    - target: {fileID: 4138180075326406, guid: 1684d49001f18dc4c9010b8428601d51, type: 2}
      propertyPath: m_LocalRotation.x
      value: -0
      objectReference: {fileID: 0}
    - target: {fileID: 4138180075326406, guid: 1684d49001f18dc4c9010b8428601d51, type: 2}
      propertyPath: m_LocalRotation.y
      value: -0
      objectReference: {fileID: 0}
    - target: {fileID: 4138180075326406, guid: 1684d49001f18dc4c9010b8428601d51, type: 2}
      propertyPath: m_LocalRotation.z
      value: -0
      objectReference: {fileID: 0}
    - target: {fileID: 4138180075326406, guid: 1684d49001f18dc4c9010b8428601d51, type: 2}
      propertyPath: m_LocalRotation.w
      value: 1
      objectReference: {fileID: 0}
    - target: {fileID: 4138180075326406, guid: 1684d49001f18dc4c9010b8428601d51, type: 2}
      propertyPath: m_RootOrder
      value: 9
      objectReference: {fileID: 0}
    - target: {fileID: 1220359818576190, guid: 1684d49001f18dc4c9010b8428601d51, type: 2}
      propertyPath: m_Name
      value: Cylinder (9)
      objectReference: {fileID: 0}
    - target: {fileID: 1220359818576190, guid: 1684d49001f18dc4c9010b8428601d51, type: 2}
      propertyPath: m_TagString
      value: Wall
      objectReference: {fileID: 0}
    m_RemovedComponents: []
  m_ParentPrefab: {fileID: 100100000, guid: 1684d49001f18dc4c9010b8428601d51, type: 2}
  m_IsPrefabParent: 0
--- !u!1 &161604221
GameObject:
  m_ObjectHideFlags: 0
  m_PrefabParentObject: {fileID: 0}
  m_PrefabInternal: {fileID: 0}
  serializedVersion: 5
  m_Component:
  - component: {fileID: 161604225}
  - component: {fileID: 161604224}
  - component: {fileID: 161604223}
  - component: {fileID: 161604222}
  m_Layer: 0
  m_Name: Cube (1)
  m_TagString: Score
  m_Icon: {fileID: 0}
  m_NavMeshLayer: 0
  m_StaticEditorFlags: 0
  m_IsActive: 1
--- !u!65 &161604222
BoxCollider:
  m_ObjectHideFlags: 0
  m_PrefabParentObject: {fileID: 0}
  m_PrefabInternal: {fileID: 0}
  m_GameObject: {fileID: 161604221}
  m_Material: {fileID: 0}
  m_IsTrigger: 1
  m_Enabled: 1
  serializedVersion: 2
  m_Size: {x: 1, y: 1, z: 1}
  m_Center: {x: 0, y: 0, z: 0}
--- !u!23 &161604223
MeshRenderer:
  m_ObjectHideFlags: 0
  m_PrefabParentObject: {fileID: 0}
  m_PrefabInternal: {fileID: 0}
  m_GameObject: {fileID: 161604221}
  m_Enabled: 0
  m_CastShadows: 1
  m_ReceiveShadows: 1
  m_DynamicOccludee: 1
  m_MotionVectors: 1
  m_LightProbeUsage: 1
  m_ReflectionProbeUsage: 1
  m_RenderingLayerMask: 4294967295
  m_Materials:
  - {fileID: 10303, guid: 0000000000000000f000000000000000, type: 0}
  m_StaticBatchInfo:
    firstSubMesh: 0
    subMeshCount: 0
  m_StaticBatchRoot: {fileID: 0}
  m_ProbeAnchor: {fileID: 0}
  m_LightProbeVolumeOverride: {fileID: 0}
  m_ScaleInLightmap: 1
  m_PreserveUVs: 0
  m_IgnoreNormalsForChartDetection: 0
  m_ImportantGI: 0
  m_StitchLightmapSeams: 0
  m_SelectedEditorRenderState: 3
  m_MinimumChartSize: 4
  m_AutoUVMaxDistance: 0.5
  m_AutoUVMaxAngle: 89
  m_LightmapParameters: {fileID: 0}
  m_SortingLayerID: 0
  m_SortingLayer: 0
  m_SortingOrder: 0
--- !u!33 &161604224
MeshFilter:
  m_ObjectHideFlags: 0
  m_PrefabParentObject: {fileID: 0}
  m_PrefabInternal: {fileID: 0}
  m_GameObject: {fileID: 161604221}
  m_Mesh: {fileID: 10202, guid: 0000000000000000e000000000000000, type: 0}
--- !u!4 &161604225
Transform:
  m_ObjectHideFlags: 0
  m_PrefabParentObject: {fileID: 0}
  m_PrefabInternal: {fileID: 0}
  m_GameObject: {fileID: 161604221}
  m_LocalRotation: {x: -0, y: -0, z: -0, w: 1}
  m_LocalPosition: {x: -22.555063, y: -0.94824266, z: 0.10147524}
  m_LocalScale: {x: 0.5, y: 5, z: 1}
  m_Children: []
  m_Father: {fileID: 1483017920}
  m_RootOrder: 1
  m_LocalEulerAnglesHint: {x: 0, y: 0, z: 0}
--- !u!1001 &170779535
Prefab:
  m_ObjectHideFlags: 0
  serializedVersion: 2
  m_Modification:
    m_TransformParent: {fileID: 1194725034}
    m_Modifications:
    - target: {fileID: 4138180075326406, guid: 1684d49001f18dc4c9010b8428601d51, type: 2}
      propertyPath: m_LocalPosition.x
      value: 6.74
      objectReference: {fileID: 0}
    - target: {fileID: 4138180075326406, guid: 1684d49001f18dc4c9010b8428601d51, type: 2}
      propertyPath: m_LocalPosition.y
      value: 8.16
      objectReference: {fileID: 0}
    - target: {fileID: 4138180075326406, guid: 1684d49001f18dc4c9010b8428601d51, type: 2}
      propertyPath: m_LocalPosition.z
      value: 0
      objectReference: {fileID: 0}
    - target: {fileID: 4138180075326406, guid: 1684d49001f18dc4c9010b8428601d51, type: 2}
      propertyPath: m_LocalRotation.x
      value: -0
      objectReference: {fileID: 0}
    - target: {fileID: 4138180075326406, guid: 1684d49001f18dc4c9010b8428601d51, type: 2}
      propertyPath: m_LocalRotation.y
      value: -0
      objectReference: {fileID: 0}
    - target: {fileID: 4138180075326406, guid: 1684d49001f18dc4c9010b8428601d51, type: 2}
      propertyPath: m_LocalRotation.z
      value: -0
      objectReference: {fileID: 0}
    - target: {fileID: 4138180075326406, guid: 1684d49001f18dc4c9010b8428601d51, type: 2}
      propertyPath: m_LocalRotation.w
      value: 1
      objectReference: {fileID: 0}
    - target: {fileID: 4138180075326406, guid: 1684d49001f18dc4c9010b8428601d51, type: 2}
      propertyPath: m_RootOrder
      value: 7
      objectReference: {fileID: 0}
    - target: {fileID: 1220359818576190, guid: 1684d49001f18dc4c9010b8428601d51, type: 2}
      propertyPath: m_Name
      value: Cylinder (7)
      objectReference: {fileID: 0}
    - target: {fileID: 1220359818576190, guid: 1684d49001f18dc4c9010b8428601d51, type: 2}
      propertyPath: m_TagString
      value: Wall
      objectReference: {fileID: 0}
    m_RemovedComponents: []
  m_ParentPrefab: {fileID: 100100000, guid: 1684d49001f18dc4c9010b8428601d51, type: 2}
  m_IsPrefabParent: 0
--- !u!4 &209992320 stripped
Transform:
  m_PrefabParentObject: {fileID: 4138180075326406, guid: 1684d49001f18dc4c9010b8428601d51,
    type: 2}
  m_PrefabInternal: {fileID: 2012848965}
--- !u!1 &242427613
GameObject:
  m_ObjectHideFlags: 0
  m_PrefabParentObject: {fileID: 0}
  m_PrefabInternal: {fileID: 0}
  serializedVersion: 5
  m_Component:
  - component: {fileID: 242427617}
  - component: {fileID: 242427616}
  - component: {fileID: 242427615}
  - component: {fileID: 242427614}
  - component: {fileID: 242427619}
  - component: {fileID: 242427618}
  m_Layer: 0
  m_Name: Cube (1)
  m_TagString: Wall
  m_Icon: {fileID: 0}
  m_NavMeshLayer: 0
  m_StaticEditorFlags: 0
  m_IsActive: 1
--- !u!65 &242427614
BoxCollider:
  m_ObjectHideFlags: 0
  m_PrefabParentObject: {fileID: 0}
  m_PrefabInternal: {fileID: 0}
  m_GameObject: {fileID: 242427613}
  m_Material: {fileID: 0}
  m_IsTrigger: 0
  m_Enabled: 1
  serializedVersion: 2
  m_Size: {x: 1, y: 1, z: 1}
  m_Center: {x: 0, y: 0, z: 0}
--- !u!23 &242427615
MeshRenderer:
  m_ObjectHideFlags: 0
  m_PrefabParentObject: {fileID: 0}
  m_PrefabInternal: {fileID: 0}
  m_GameObject: {fileID: 242427613}
  m_Enabled: 1
  m_CastShadows: 1
  m_ReceiveShadows: 1
  m_DynamicOccludee: 1
  m_MotionVectors: 1
  m_LightProbeUsage: 1
  m_ReflectionProbeUsage: 1
  m_RenderingLayerMask: 4294967295
  m_Materials:
  - {fileID: 10303, guid: 0000000000000000f000000000000000, type: 0}
  m_StaticBatchInfo:
    firstSubMesh: 0
    subMeshCount: 0
  m_StaticBatchRoot: {fileID: 0}
  m_ProbeAnchor: {fileID: 0}
  m_LightProbeVolumeOverride: {fileID: 0}
  m_ScaleInLightmap: 1
  m_PreserveUVs: 0
  m_IgnoreNormalsForChartDetection: 0
  m_ImportantGI: 0
  m_StitchLightmapSeams: 0
  m_SelectedEditorRenderState: 3
  m_MinimumChartSize: 4
  m_AutoUVMaxDistance: 0.5
  m_AutoUVMaxAngle: 89
  m_LightmapParameters: {fileID: 0}
  m_SortingLayerID: 0
  m_SortingLayer: 0
  m_SortingOrder: 0
--- !u!33 &242427616
MeshFilter:
  m_ObjectHideFlags: 0
  m_PrefabParentObject: {fileID: 0}
  m_PrefabInternal: {fileID: 0}
  m_GameObject: {fileID: 242427613}
  m_Mesh: {fileID: 10202, guid: 0000000000000000e000000000000000, type: 0}
--- !u!4 &242427617
Transform:
  m_ObjectHideFlags: 0
  m_PrefabParentObject: {fileID: 0}
  m_PrefabInternal: {fileID: 0}
  m_GameObject: {fileID: 242427613}
  m_LocalRotation: {x: -0, y: -0, z: -0, w: 1}
  m_LocalPosition: {x: 40, y: 6, z: 0}
  m_LocalScale: {x: 100, y: 1, z: 1}
  m_Children: []
  m_Father: {fileID: 1194725034}
  m_RootOrder: 13
  m_LocalEulerAnglesHint: {x: 0, y: 0, z: 0}
--- !u!65 &242427618
BoxCollider:
  m_ObjectHideFlags: 0
  m_PrefabParentObject: {fileID: 0}
  m_PrefabInternal: {fileID: 0}
  m_GameObject: {fileID: 242427613}
  m_Material: {fileID: 0}
  m_IsTrigger: 0
  m_Enabled: 1
  serializedVersion: 2
  m_Size: {x: 1, y: 1, z: 1}
  m_Center: {x: 0, y: 0, z: 0}
--- !u!54 &242427619
Rigidbody:
  m_ObjectHideFlags: 0
  m_PrefabParentObject: {fileID: 0}
  m_PrefabInternal: {fileID: 0}
  m_GameObject: {fileID: 242427613}
  serializedVersion: 2
  m_Mass: 1
  m_Drag: 0
  m_AngularDrag: 0.05
  m_UseGravity: 0
  m_IsKinematic: 0
  m_Interpolate: 0
  m_Constraints: 126
  m_CollisionDetection: 0
--- !u!1001 &346187992
Prefab:
  m_ObjectHideFlags: 0
  serializedVersion: 2
  m_Modification:
    m_TransformParent: {fileID: 1194725034}
    m_Modifications:
    - target: {fileID: 4138180075326406, guid: 1684d49001f18dc4c9010b8428601d51, type: 2}
      propertyPath: m_LocalPosition.x
      value: 46.36
      objectReference: {fileID: 0}
    - target: {fileID: 4138180075326406, guid: 1684d49001f18dc4c9010b8428601d51, type: 2}
      propertyPath: m_LocalPosition.y
      value: 8.82
      objectReference: {fileID: 0}
    - target: {fileID: 4138180075326406, guid: 1684d49001f18dc4c9010b8428601d51, type: 2}
      propertyPath: m_LocalPosition.z
      value: 0
      objectReference: {fileID: 0}
    - target: {fileID: 4138180075326406, guid: 1684d49001f18dc4c9010b8428601d51, type: 2}
      propertyPath: m_LocalRotation.x
      value: -0
      objectReference: {fileID: 0}
    - target: {fileID: 4138180075326406, guid: 1684d49001f18dc4c9010b8428601d51, type: 2}
      propertyPath: m_LocalRotation.y
      value: -0
      objectReference: {fileID: 0}
    - target: {fileID: 4138180075326406, guid: 1684d49001f18dc4c9010b8428601d51, type: 2}
      propertyPath: m_LocalRotation.z
      value: -0
      objectReference: {fileID: 0}
    - target: {fileID: 4138180075326406, guid: 1684d49001f18dc4c9010b8428601d51, type: 2}
      propertyPath: m_LocalRotation.w
      value: 1
      objectReference: {fileID: 0}
    - target: {fileID: 4138180075326406, guid: 1684d49001f18dc4c9010b8428601d51, type: 2}
      propertyPath: m_RootOrder
      value: 19
      objectReference: {fileID: 0}
    - target: {fileID: 1220359818576190, guid: 1684d49001f18dc4c9010b8428601d51, type: 2}
      propertyPath: m_Name
      value: Cylinder (17)
      objectReference: {fileID: 0}
    - target: {fileID: 1220359818576190, guid: 1684d49001f18dc4c9010b8428601d51, type: 2}
      propertyPath: m_TagString
      value: Wall
      objectReference: {fileID: 0}
    m_RemovedComponents: []
  m_ParentPrefab: {fileID: 100100000, guid: 1684d49001f18dc4c9010b8428601d51, type: 2}
  m_IsPrefabParent: 0
--- !u!4 &346187993 stripped
Transform:
  m_PrefabParentObject: {fileID: 4138180075326406, guid: 1684d49001f18dc4c9010b8428601d51,
    type: 2}
  m_PrefabInternal: {fileID: 346187992}
--- !u!1 &519420028
GameObject:
  m_ObjectHideFlags: 0
  m_PrefabParentObject: {fileID: 0}
  m_PrefabInternal: {fileID: 0}
  serializedVersion: 5
  m_Component:
  - component: {fileID: 519420032}
  - component: {fileID: 519420031}
  - component: {fileID: 519420029}
  m_Layer: 0
  m_Name: Main Camera
  m_TagString: MainCamera
  m_Icon: {fileID: 0}
  m_NavMeshLayer: 0
  m_StaticEditorFlags: 0
  m_IsActive: 1
--- !u!81 &519420029
AudioListener:
  m_ObjectHideFlags: 0
  m_PrefabParentObject: {fileID: 0}
  m_PrefabInternal: {fileID: 0}
  m_GameObject: {fileID: 519420028}
  m_Enabled: 1
--- !u!20 &519420031
Camera:
  m_ObjectHideFlags: 0
  m_PrefabParentObject: {fileID: 0}
  m_PrefabInternal: {fileID: 0}
  m_GameObject: {fileID: 519420028}
  m_Enabled: 1
  serializedVersion: 2
  m_ClearFlags: 2
  m_BackGroundColor: {r: 0.19215687, g: 0.3019608, b: 0.4745098, a: 0}
  m_NormalizedViewPortRect:
    serializedVersion: 2
    x: 0
    y: 0
    width: 1
    height: 1
  near clip plane: 0.3
  far clip plane: 1000
  field of view: 60
  orthographic: 0
  orthographic size: 5
  m_Depth: -1
  m_CullingMask:
    serializedVersion: 2
    m_Bits: 4294967295
  m_RenderingPath: -1
  m_TargetTexture: {fileID: 0}
  m_TargetDisplay: 0
  m_TargetEye: 0
  m_HDR: 1
  m_AllowMSAA: 0
  m_AllowDynamicResolution: 0
  m_ForceIntoRT: 0
  m_OcclusionCulling: 0
  m_StereoConvergence: 10
  m_StereoSeparation: 0.022
--- !u!4 &519420032
Transform:
  m_ObjectHideFlags: 0
  m_PrefabParentObject: {fileID: 0}
  m_PrefabInternal: {fileID: 0}
  m_GameObject: {fileID: 519420028}
  m_LocalRotation: {x: -0, y: -0, z: -0, w: 1}
  m_LocalPosition: {x: 0, y: 0, z: -20}
  m_LocalScale: {x: 2, y: 2, z: 2}
  m_Children: []
  m_Father: {fileID: 114234390}
  m_RootOrder: 0
  m_LocalEulerAnglesHint: {x: 0, y: 0, z: 0}
--- !u!1001 &530561929
Prefab:
  m_ObjectHideFlags: 0
  serializedVersion: 2
  m_Modification:
    m_TransformParent: {fileID: 1194725034}
    m_Modifications:
    - target: {fileID: 4138180075326406, guid: 1684d49001f18dc4c9010b8428601d51, type: 2}
      propertyPath: m_LocalPosition.x
      value: 14.58
      objectReference: {fileID: 0}
    - target: {fileID: 4138180075326406, guid: 1684d49001f18dc4c9010b8428601d51, type: 2}
      propertyPath: m_LocalPosition.y
      value: 5.72
      objectReference: {fileID: 0}
    - target: {fileID: 4138180075326406, guid: 1684d49001f18dc4c9010b8428601d51, type: 2}
      propertyPath: m_LocalPosition.z
      value: 0
      objectReference: {fileID: 0}
    - target: {fileID: 4138180075326406, guid: 1684d49001f18dc4c9010b8428601d51, type: 2}
      propertyPath: m_LocalRotation.x
      value: -0
      objectReference: {fileID: 0}
    - target: {fileID: 4138180075326406, guid: 1684d49001f18dc4c9010b8428601d51, type: 2}
      propertyPath: m_LocalRotation.y
      value: -0
      objectReference: {fileID: 0}
    - target: {fileID: 4138180075326406, guid: 1684d49001f18dc4c9010b8428601d51, type: 2}
      propertyPath: m_LocalRotation.z
      value: -0
      objectReference: {fileID: 0}
    - target: {fileID: 4138180075326406, guid: 1684d49001f18dc4c9010b8428601d51, type: 2}
      propertyPath: m_LocalRotation.w
      value: 1
      objectReference: {fileID: 0}
    - target: {fileID: 4138180075326406, guid: 1684d49001f18dc4c9010b8428601d51, type: 2}
      propertyPath: m_RootOrder
      value: 8
      objectReference: {fileID: 0}
    - target: {fileID: 1220359818576190, guid: 1684d49001f18dc4c9010b8428601d51, type: 2}
      propertyPath: m_Name
      value: Cylinder (8)
      objectReference: {fileID: 0}
    - target: {fileID: 1220359818576190, guid: 1684d49001f18dc4c9010b8428601d51, type: 2}
      propertyPath: m_TagString
      value: Wall
      objectReference: {fileID: 0}
    m_RemovedComponents: []
  m_ParentPrefab: {fileID: 100100000, guid: 1684d49001f18dc4c9010b8428601d51, type: 2}
  m_IsPrefabParent: 0
--- !u!1001 &560860448
Prefab:
  m_ObjectHideFlags: 0
  serializedVersion: 2
  m_Modification:
    m_TransformParent: {fileID: 1194725034}
    m_Modifications:
    - target: {fileID: 4138180075326406, guid: 1684d49001f18dc4c9010b8428601d51, type: 2}
      propertyPath: m_LocalPosition.x
      value: 46.36
      objectReference: {fileID: 0}
    - target: {fileID: 4138180075326406, guid: 1684d49001f18dc4c9010b8428601d51, type: 2}
      propertyPath: m_LocalPosition.y
      value: -1.1800003
      objectReference: {fileID: 0}
    - target: {fileID: 4138180075326406, guid: 1684d49001f18dc4c9010b8428601d51, type: 2}
      propertyPath: m_LocalPosition.z
      value: 0
      objectReference: {fileID: 0}
    - target: {fileID: 4138180075326406, guid: 1684d49001f18dc4c9010b8428601d51, type: 2}
      propertyPath: m_LocalRotation.x
      value: -0
      objectReference: {fileID: 0}
    - target: {fileID: 4138180075326406, guid: 1684d49001f18dc4c9010b8428601d51, type: 2}
      propertyPath: m_LocalRotation.y
      value: -0
      objectReference: {fileID: 0}
    - target: {fileID: 4138180075326406, guid: 1684d49001f18dc4c9010b8428601d51, type: 2}
      propertyPath: m_LocalRotation.z
      value: -0
      objectReference: {fileID: 0}
    - target: {fileID: 4138180075326406, guid: 1684d49001f18dc4c9010b8428601d51, type: 2}
      propertyPath: m_LocalRotation.w
      value: 1
      objectReference: {fileID: 0}
    - target: {fileID: 4138180075326406, guid: 1684d49001f18dc4c9010b8428601d51, type: 2}
      propertyPath: m_RootOrder
      value: 16
      objectReference: {fileID: 0}
    - target: {fileID: 1220359818576190, guid: 1684d49001f18dc4c9010b8428601d51, type: 2}
      propertyPath: m_Name
      value: Cylinder (14)
      objectReference: {fileID: 0}
    - target: {fileID: 1220359818576190, guid: 1684d49001f18dc4c9010b8428601d51, type: 2}
      propertyPath: m_TagString
      value: Wall
      objectReference: {fileID: 0}
    m_RemovedComponents: []
  m_ParentPrefab: {fileID: 100100000, guid: 1684d49001f18dc4c9010b8428601d51, type: 2}
  m_IsPrefabParent: 0
--- !u!4 &560860449 stripped
Transform:
  m_PrefabParentObject: {fileID: 4138180075326406, guid: 1684d49001f18dc4c9010b8428601d51,
    type: 2}
  m_PrefabInternal: {fileID: 560860448}
--- !u!4 &588915960 stripped
Transform:
  m_PrefabParentObject: {fileID: 4138180075326406, guid: 1684d49001f18dc4c9010b8428601d51,
    type: 2}
  m_PrefabInternal: {fileID: 1743022665}
--- !u!4 &601638212 stripped
Transform:
  m_PrefabParentObject: {fileID: 4138180075326406, guid: 1684d49001f18dc4c9010b8428601d51,
    type: 2}
  m_PrefabInternal: {fileID: 170779535}
--- !u!1 &614536425
GameObject:
  m_ObjectHideFlags: 0
  m_PrefabParentObject: {fileID: 0}
  m_PrefabInternal: {fileID: 0}
  serializedVersion: 5
  m_Component:
  - component: {fileID: 614536426}
  - component: {fileID: 614536429}
  - component: {fileID: 614536428}
  - component: {fileID: 614536427}
  m_Layer: 0
  m_Name: Cube (5)
  m_TagString: Score
  m_Icon: {fileID: 0}
  m_NavMeshLayer: 0
  m_StaticEditorFlags: 0
  m_IsActive: 1
--- !u!4 &614536426
Transform:
  m_ObjectHideFlags: 0
  m_PrefabParentObject: {fileID: 0}
  m_PrefabInternal: {fileID: 0}
  m_GameObject: {fileID: 614536425}
  m_LocalRotation: {x: -0, y: -0, z: -0, w: 1}
  m_LocalPosition: {x: 17.234936, y: -0.1382432, z: 0.10147524}
  m_LocalScale: {x: 0.5, y: 5, z: 1}
  m_Children: []
  m_Father: {fileID: 1483017920}
  m_RootOrder: 7
  m_LocalEulerAnglesHint: {x: 0, y: 0, z: 0}
--- !u!65 &614536427
BoxCollider:
  m_ObjectHideFlags: 0
  m_PrefabParentObject: {fileID: 0}
  m_PrefabInternal: {fileID: 0}
  m_GameObject: {fileID: 614536425}
  m_Material: {fileID: 0}
  m_IsTrigger: 1
  m_Enabled: 1
  serializedVersion: 2
  m_Size: {x: 1, y: 1, z: 1}
  m_Center: {x: 0, y: 0, z: 0}
--- !u!23 &614536428
MeshRenderer:
  m_ObjectHideFlags: 0
  m_PrefabParentObject: {fileID: 0}
  m_PrefabInternal: {fileID: 0}
  m_GameObject: {fileID: 614536425}
  m_Enabled: 0
  m_CastShadows: 1
  m_ReceiveShadows: 1
  m_DynamicOccludee: 1
  m_MotionVectors: 1
  m_LightProbeUsage: 1
  m_ReflectionProbeUsage: 1
  m_RenderingLayerMask: 4294967295
  m_Materials:
  - {fileID: 10303, guid: 0000000000000000f000000000000000, type: 0}
  m_StaticBatchInfo:
    firstSubMesh: 0
    subMeshCount: 0
  m_StaticBatchRoot: {fileID: 0}
  m_ProbeAnchor: {fileID: 0}
  m_LightProbeVolumeOverride: {fileID: 0}
  m_ScaleInLightmap: 1
  m_PreserveUVs: 0
  m_IgnoreNormalsForChartDetection: 0
  m_ImportantGI: 0
  m_StitchLightmapSeams: 0
  m_SelectedEditorRenderState: 3
  m_MinimumChartSize: 4
  m_AutoUVMaxDistance: 0.5
  m_AutoUVMaxAngle: 89
  m_LightmapParameters: {fileID: 0}
  m_SortingLayerID: 0
  m_SortingLayer: 0
  m_SortingOrder: 0
--- !u!33 &614536429
MeshFilter:
  m_ObjectHideFlags: 0
  m_PrefabParentObject: {fileID: 0}
  m_PrefabInternal: {fileID: 0}
  m_GameObject: {fileID: 614536425}
  m_Mesh: {fileID: 10202, guid: 0000000000000000e000000000000000, type: 0}
--- !u!1001 &646792573
Prefab:
  m_ObjectHideFlags: 0
  serializedVersion: 2
  m_Modification:
    m_TransformParent: {fileID: 1194725034}
    m_Modifications:
    - target: {fileID: 4138180075326406, guid: 1684d49001f18dc4c9010b8428601d51, type: 2}
      propertyPath: m_LocalPosition.x
      value: 40.46
      objectReference: {fileID: 0}
    - target: {fileID: 4138180075326406, guid: 1684d49001f18dc4c9010b8428601d51, type: 2}
      propertyPath: m_LocalPosition.y
      value: 3.4
      objectReference: {fileID: 0}
    - target: {fileID: 4138180075326406, guid: 1684d49001f18dc4c9010b8428601d51, type: 2}
      propertyPath: m_LocalPosition.z
      value: 0
      objectReference: {fileID: 0}
    - target: {fileID: 4138180075326406, guid: 1684d49001f18dc4c9010b8428601d51, type: 2}
      propertyPath: m_LocalRotation.x
      value: -0
      objectReference: {fileID: 0}
    - target: {fileID: 4138180075326406, guid: 1684d49001f18dc4c9010b8428601d51, type: 2}
      propertyPath: m_LocalRotation.y
      value: -0
      objectReference: {fileID: 0}
    - target: {fileID: 4138180075326406, guid: 1684d49001f18dc4c9010b8428601d51, type: 2}
      propertyPath: m_LocalRotation.z
      value: -0
      objectReference: {fileID: 0}
    - target: {fileID: 4138180075326406, guid: 1684d49001f18dc4c9010b8428601d51, type: 2}
      propertyPath: m_LocalRotation.w
      value: 1
      objectReference: {fileID: 0}
    - target: {fileID: 4138180075326406, guid: 1684d49001f18dc4c9010b8428601d51, type: 2}
      propertyPath: m_RootOrder
      value: 15
      objectReference: {fileID: 0}
    - target: {fileID: 1220359818576190, guid: 1684d49001f18dc4c9010b8428601d51, type: 2}
      propertyPath: m_Name
      value: Cylinder (13)
      objectReference: {fileID: 0}
    - target: {fileID: 1220359818576190, guid: 1684d49001f18dc4c9010b8428601d51, type: 2}
      propertyPath: m_TagString
      value: Wall
      objectReference: {fileID: 0}
    m_RemovedComponents: []
  m_ParentPrefab: {fileID: 100100000, guid: 1684d49001f18dc4c9010b8428601d51, type: 2}
  m_IsPrefabParent: 0
--- !u!4 &646792574 stripped
Transform:
  m_PrefabParentObject: {fileID: 4138180075326406, guid: 1684d49001f18dc4c9010b8428601d51,
    type: 2}
  m_PrefabInternal: {fileID: 646792573}
--- !u!1 &669875049
GameObject:
  m_ObjectHideFlags: 0
  m_PrefabParentObject: {fileID: 0}
  m_PrefabInternal: {fileID: 0}
  serializedVersion: 5
  m_Component:
  - component: {fileID: 669875050}
  - component: {fileID: 669875052}
  - component: {fileID: 669875051}
  m_Layer: 5
  m_Name: ScoreText
  m_TagString: Untagged
  m_Icon: {fileID: 0}
  m_NavMeshLayer: 0
  m_StaticEditorFlags: 0
  m_IsActive: 1
--- !u!224 &669875050
RectTransform:
  m_ObjectHideFlags: 0
  m_PrefabParentObject: {fileID: 0}
  m_PrefabInternal: {fileID: 0}
  m_GameObject: {fileID: 669875049}
  m_LocalRotation: {x: 0, y: 0, z: 0, w: 1}
  m_LocalPosition: {x: 0, y: 0, z: 0}
  m_LocalScale: {x: 1, y: 1, z: 1}
  m_Children: []
  m_Father: {fileID: 743343913}
  m_RootOrder: 0
  m_LocalEulerAnglesHint: {x: 0, y: 0, z: 0}
  m_AnchorMin: {x: 0.5, y: 1}
  m_AnchorMax: {x: 0.5, y: 1}
  m_AnchoredPosition: {x: 0, y: -15}
  m_SizeDelta: {x: 160, y: 30}
  m_Pivot: {x: 0.5, y: 0.5}
--- !u!114 &669875051
MonoBehaviour:
  m_ObjectHideFlags: 0
  m_PrefabParentObject: {fileID: 0}
  m_PrefabInternal: {fileID: 0}
  m_GameObject: {fileID: 669875049}
  m_Enabled: 1
  m_EditorHideFlags: 0
  m_Script: {fileID: 708705254, guid: f70555f144d8491a825f0804e09c671c, type: 3}
  m_Name: 
  m_EditorClassIdentifier: 
  m_Material: {fileID: 0}
  m_Color: {r: 0.19607843, g: 0.19607843, b: 0.19607843, a: 1}
  m_RaycastTarget: 1
  m_OnCullStateChanged:
    m_PersistentCalls:
      m_Calls: []
    m_TypeName: UnityEngine.UI.MaskableGraphic+CullStateChangedEvent, UnityEngine.UI,
      Version=1.0.0.0, Culture=neutral, PublicKeyToken=null
  m_FontData:
    m_Font: {fileID: 10102, guid: 0000000000000000e000000000000000, type: 0}
    m_FontSize: 20
    m_FontStyle: 0
    m_BestFit: 0
    m_MinSize: 2
    m_MaxSize: 40
    m_Alignment: 4
    m_AlignByGeometry: 0
    m_RichText: 1
    m_HorizontalOverflow: 0
    m_VerticalOverflow: 0
    m_LineSpacing: 1
  m_Text: SCORE
--- !u!222 &669875052
CanvasRenderer:
  m_ObjectHideFlags: 0
  m_PrefabParentObject: {fileID: 0}
  m_PrefabInternal: {fileID: 0}
  m_GameObject: {fileID: 669875049}
--- !u!4 &680412400 stripped
Transform:
  m_PrefabParentObject: {fileID: 4138180075326406, guid: 1684d49001f18dc4c9010b8428601d51,
    type: 2}
  m_PrefabInternal: {fileID: 1798106180}
--- !u!1 &743343909
GameObject:
  m_ObjectHideFlags: 0
  m_PrefabParentObject: {fileID: 0}
  m_PrefabInternal: {fileID: 0}
  serializedVersion: 5
  m_Component:
  - component: {fileID: 743343913}
  - component: {fileID: 743343912}
  - component: {fileID: 743343911}
  - component: {fileID: 743343910}
  m_Layer: 5
  m_Name: Canvas
  m_TagString: Untagged
  m_Icon: {fileID: 0}
  m_NavMeshLayer: 0
  m_StaticEditorFlags: 0
  m_IsActive: 1
--- !u!114 &743343910
MonoBehaviour:
  m_ObjectHideFlags: 0
  m_PrefabParentObject: {fileID: 0}
  m_PrefabInternal: {fileID: 0}
  m_GameObject: {fileID: 743343909}
  m_Enabled: 1
  m_EditorHideFlags: 0
  m_Script: {fileID: 1301386320, guid: f70555f144d8491a825f0804e09c671c, type: 3}
  m_Name: 
  m_EditorClassIdentifier: 
  m_IgnoreReversedGraphics: 1
  m_BlockingObjects: 0
  m_BlockingMask:
    serializedVersion: 2
    m_Bits: 4294967295
--- !u!114 &743343911
MonoBehaviour:
  m_ObjectHideFlags: 0
  m_PrefabParentObject: {fileID: 0}
  m_PrefabInternal: {fileID: 0}
  m_GameObject: {fileID: 743343909}
  m_Enabled: 1
  m_EditorHideFlags: 0
  m_Script: {fileID: 1980459831, guid: f70555f144d8491a825f0804e09c671c, type: 3}
  m_Name: 
  m_EditorClassIdentifier: 
  m_UiScaleMode: 0
  m_ReferencePixelsPerUnit: 100
  m_ScaleFactor: 1
  m_ReferenceResolution: {x: 800, y: 600}
  m_ScreenMatchMode: 0
  m_MatchWidthOrHeight: 0
  m_PhysicalUnit: 3
  m_FallbackScreenDPI: 96
  m_DefaultSpriteDPI: 96
  m_DynamicPixelsPerUnit: 1
--- !u!223 &743343912
Canvas:
  m_ObjectHideFlags: 0
  m_PrefabParentObject: {fileID: 0}
  m_PrefabInternal: {fileID: 0}
  m_GameObject: {fileID: 743343909}
  m_Enabled: 1
  serializedVersion: 3
  m_RenderMode: 0
  m_Camera: {fileID: 0}
  m_PlaneDistance: 100
  m_PixelPerfect: 0
  m_ReceivesEvents: 1
  m_OverrideSorting: 0
  m_OverridePixelPerfect: 0
  m_SortingBucketNormalizedSize: 0
  m_AdditionalShaderChannelsFlag: 0
  m_SortingLayerID: 0
  m_SortingOrder: 0
  m_TargetDisplay: 0
--- !u!224 &743343913
RectTransform:
  m_ObjectHideFlags: 0
  m_PrefabParentObject: {fileID: 0}
  m_PrefabInternal: {fileID: 0}
  m_GameObject: {fileID: 743343909}
  m_LocalRotation: {x: 0, y: 0, z: 0, w: 1}
  m_LocalPosition: {x: 0, y: 0, z: 0}
  m_LocalScale: {x: 0, y: 0, z: 0}
  m_Children:
  - {fileID: 669875050}
  m_Father: {fileID: 0}
  m_RootOrder: 4
  m_LocalEulerAnglesHint: {x: 0, y: 0, z: 0}
  m_AnchorMin: {x: 0, y: 0}
  m_AnchorMax: {x: 0, y: 0}
  m_AnchoredPosition: {x: 0, y: 0}
  m_SizeDelta: {x: 0, y: 0}
  m_Pivot: {x: 0, y: 0}
--- !u!1001 &790726999
Prefab:
  m_ObjectHideFlags: 0
  serializedVersion: 2
  m_Modification:
    m_TransformParent: {fileID: 0}
    m_Modifications:
    - target: {fileID: 4438148145742718, guid: 03eb23b263083394c9ab98bcd43b017c, type: 2}
      propertyPath: m_LocalPosition.x
      value: -6.46
      objectReference: {fileID: 0}
    - target: {fileID: 4438148145742718, guid: 03eb23b263083394c9ab98bcd43b017c, type: 2}
      propertyPath: m_LocalPosition.y
      value: 1.92
      objectReference: {fileID: 0}
    - target: {fileID: 4438148145742718, guid: 03eb23b263083394c9ab98bcd43b017c, type: 2}
      propertyPath: m_LocalPosition.z
      value: 0
      objectReference: {fileID: 0}
    - target: {fileID: 4438148145742718, guid: 03eb23b263083394c9ab98bcd43b017c, type: 2}
      propertyPath: m_LocalRotation.x
      value: 0
      objectReference: {fileID: 0}
    - target: {fileID: 4438148145742718, guid: 03eb23b263083394c9ab98bcd43b017c, type: 2}
      propertyPath: m_LocalRotation.y
      value: 0
      objectReference: {fileID: 0}
    - target: {fileID: 4438148145742718, guid: 03eb23b263083394c9ab98bcd43b017c, type: 2}
      propertyPath: m_LocalRotation.z
      value: 0
      objectReference: {fileID: 0}
    - target: {fileID: 4438148145742718, guid: 03eb23b263083394c9ab98bcd43b017c, type: 2}
      propertyPath: m_LocalRotation.w
      value: 1
      objectReference: {fileID: 0}
    - target: {fileID: 4438148145742718, guid: 03eb23b263083394c9ab98bcd43b017c, type: 2}
      propertyPath: m_RootOrder
      value: 0
      objectReference: {fileID: 0}
    - target: {fileID: 4438148145742718, guid: 03eb23b263083394c9ab98bcd43b017c, type: 2}
      propertyPath: m_LocalScale.x
      value: 0.8
      objectReference: {fileID: 0}
    - target: {fileID: 4438148145742718, guid: 03eb23b263083394c9ab98bcd43b017c, type: 2}
      propertyPath: m_LocalScale.y
      value: 0.8
      objectReference: {fileID: 0}
    - target: {fileID: 4438148145742718, guid: 03eb23b263083394c9ab98bcd43b017c, type: 2}
      propertyPath: m_LocalScale.z
      value: 0.8
      objectReference: {fileID: 0}
    m_RemovedComponents: []
  m_ParentPrefab: {fileID: 100100000, guid: 03eb23b263083394c9ab98bcd43b017c, type: 2}
  m_IsPrefabParent: 0
--- !u!1001 &846850000
Prefab:
  m_ObjectHideFlags: 0
  serializedVersion: 2
  m_Modification:
    m_TransformParent: {fileID: 1194725034}
    m_Modifications:
    - target: {fileID: 4138180075326406, guid: 1684d49001f18dc4c9010b8428601d51, type: 2}
      propertyPath: m_LocalPosition.x
      value: 6.74
      objectReference: {fileID: 0}
    - target: {fileID: 4138180075326406, guid: 1684d49001f18dc4c9010b8428601d51, type: 2}
      propertyPath: m_LocalPosition.y
      value: -1.84
      objectReference: {fileID: 0}
    - target: {fileID: 4138180075326406, guid: 1684d49001f18dc4c9010b8428601d51, type: 2}
      propertyPath: m_LocalPosition.z
      value: 0
      objectReference: {fileID: 0}
    - target: {fileID: 4138180075326406, guid: 1684d49001f18dc4c9010b8428601d51, type: 2}
      propertyPath: m_LocalRotation.x
      value: -0
      objectReference: {fileID: 0}
    - target: {fileID: 4138180075326406, guid: 1684d49001f18dc4c9010b8428601d51, type: 2}
      propertyPath: m_LocalRotation.y
      value: -0
      objectReference: {fileID: 0}
    - target: {fileID: 4138180075326406, guid: 1684d49001f18dc4c9010b8428601d51, type: 2}
      propertyPath: m_LocalRotation.z
      value: -0
      objectReference: {fileID: 0}
    - target: {fileID: 4138180075326406, guid: 1684d49001f18dc4c9010b8428601d51, type: 2}
      propertyPath: m_LocalRotation.w
      value: 1
      objectReference: {fileID: 0}
    - target: {fileID: 4138180075326406, guid: 1684d49001f18dc4c9010b8428601d51, type: 2}
      propertyPath: m_RootOrder
      value: 1
      objectReference: {fileID: 0}
    - target: {fileID: 1220359818576190, guid: 1684d49001f18dc4c9010b8428601d51, type: 2}
      propertyPath: m_Name
      value: Cylinder (1)
      objectReference: {fileID: 0}
    - target: {fileID: 1220359818576190, guid: 1684d49001f18dc4c9010b8428601d51, type: 2}
      propertyPath: m_TagString
      value: Wall
      objectReference: {fileID: 0}
    m_RemovedComponents: []
  m_ParentPrefab: {fileID: 100100000, guid: 1684d49001f18dc4c9010b8428601d51, type: 2}
  m_IsPrefabParent: 0
--- !u!1001 &856371535
Prefab:
  m_ObjectHideFlags: 0
  serializedVersion: 2
  m_Modification:
    m_TransformParent: {fileID: 1194725034}
    m_Modifications:
    - target: {fileID: 4138180075326406, guid: 1684d49001f18dc4c9010b8428601d51, type: 2}
      propertyPath: m_LocalPosition.x
      value: 21.92
      objectReference: {fileID: 0}
    - target: {fileID: 4138180075326406, guid: 1684d49001f18dc4c9010b8428601d51, type: 2}
      propertyPath: m_LocalPosition.y
      value: -1.84
      objectReference: {fileID: 0}
    - target: {fileID: 4138180075326406, guid: 1684d49001f18dc4c9010b8428601d51, type: 2}
      propertyPath: m_LocalPosition.z
      value: 0
      objectReference: {fileID: 0}
    - target: {fileID: 4138180075326406, guid: 1684d49001f18dc4c9010b8428601d51, type: 2}
      propertyPath: m_LocalRotation.x
      value: -0
      objectReference: {fileID: 0}
    - target: {fileID: 4138180075326406, guid: 1684d49001f18dc4c9010b8428601d51, type: 2}
      propertyPath: m_LocalRotation.y
      value: -0
      objectReference: {fileID: 0}
    - target: {fileID: 4138180075326406, guid: 1684d49001f18dc4c9010b8428601d51, type: 2}
      propertyPath: m_LocalRotation.z
      value: -0
      objectReference: {fileID: 0}
    - target: {fileID: 4138180075326406, guid: 1684d49001f18dc4c9010b8428601d51, type: 2}
      propertyPath: m_LocalRotation.w
      value: 1
      objectReference: {fileID: 0}
    - target: {fileID: 4138180075326406, guid: 1684d49001f18dc4c9010b8428601d51, type: 2}
      propertyPath: m_RootOrder
      value: 3
      objectReference: {fileID: 0}
    - target: {fileID: 1220359818576190, guid: 1684d49001f18dc4c9010b8428601d51, type: 2}
      propertyPath: m_Name
      value: Cylinder (3)
      objectReference: {fileID: 0}
    - target: {fileID: 1220359818576190, guid: 1684d49001f18dc4c9010b8428601d51, type: 2}
      propertyPath: m_TagString
      value: Wall
      objectReference: {fileID: 0}
    m_RemovedComponents: []
  m_ParentPrefab: {fileID: 100100000, guid: 1684d49001f18dc4c9010b8428601d51, type: 2}
  m_IsPrefabParent: 0
--- !u!1 &865039754
GameObject:
  m_ObjectHideFlags: 0
  m_PrefabParentObject: {fileID: 0}
  m_PrefabInternal: {fileID: 0}
  serializedVersion: 5
  m_Component:
  - component: {fileID: 865039758}
  - component: {fileID: 865039757}
  - component: {fileID: 865039756}
  - component: {fileID: 865039755}
  m_Layer: 0
  m_Name: Cube (5)
  m_TagString: Score
  m_Icon: {fileID: 0}
  m_NavMeshLayer: 0
  m_StaticEditorFlags: 0
  m_IsActive: 1
--- !u!65 &865039755
BoxCollider:
  m_ObjectHideFlags: 0
  m_PrefabParentObject: {fileID: 0}
  m_PrefabInternal: {fileID: 0}
  m_GameObject: {fileID: 865039754}
  m_Material: {fileID: 0}
  m_IsTrigger: 1
  m_Enabled: 1
  serializedVersion: 2
  m_Size: {x: 1, y: 1, z: 1}
  m_Center: {x: 0, y: 0, z: 0}
--- !u!23 &865039756
MeshRenderer:
  m_ObjectHideFlags: 0
  m_PrefabParentObject: {fileID: 0}
  m_PrefabInternal: {fileID: 0}
  m_GameObject: {fileID: 865039754}
  m_Enabled: 0
  m_CastShadows: 1
  m_ReceiveShadows: 1
  m_DynamicOccludee: 1
  m_MotionVectors: 1
  m_LightProbeUsage: 1
  m_ReflectionProbeUsage: 1
  m_RenderingLayerMask: 4294967295
  m_Materials:
  - {fileID: 10303, guid: 0000000000000000f000000000000000, type: 0}
  m_StaticBatchInfo:
    firstSubMesh: 0
    subMeshCount: 0
  m_StaticBatchRoot: {fileID: 0}
  m_ProbeAnchor: {fileID: 0}
  m_LightProbeVolumeOverride: {fileID: 0}
  m_ScaleInLightmap: 1
  m_PreserveUVs: 0
  m_IgnoreNormalsForChartDetection: 0
  m_ImportantGI: 0
  m_StitchLightmapSeams: 0
  m_SelectedEditorRenderState: 3
  m_MinimumChartSize: 4
  m_AutoUVMaxDistance: 0.5
  m_AutoUVMaxAngle: 89
  m_LightmapParameters: {fileID: 0}
  m_SortingLayerID: 0
  m_SortingLayer: 0
  m_SortingOrder: 0
--- !u!33 &865039757
MeshFilter:
  m_ObjectHideFlags: 0
  m_PrefabParentObject: {fileID: 0}
  m_PrefabInternal: {fileID: 0}
  m_GameObject: {fileID: 865039754}
  m_Mesh: {fileID: 10202, guid: 0000000000000000e000000000000000, type: 0}
--- !u!4 &865039758
Transform:
  m_ObjectHideFlags: 0
  m_PrefabParentObject: {fileID: 0}
  m_PrefabInternal: {fileID: 0}
  m_GameObject: {fileID: 865039754}
  m_LocalRotation: {x: -0, y: -0, z: -0, w: 1}
  m_LocalPosition: {x: 6.1449356, y: -3.1982427, z: 0.10147524}
  m_LocalScale: {x: 0.5, y: 5, z: 1}
  m_Children: []
  m_Father: {fileID: 1483017920}
  m_RootOrder: 5
  m_LocalEulerAnglesHint: {x: 0, y: 0, z: 0}
--- !u!1 &873925795
GameObject:
  m_ObjectHideFlags: 0
  m_PrefabParentObject: {fileID: 0}
  m_PrefabInternal: {fileID: 0}
  serializedVersion: 5
  m_Component:
  - component: {fileID: 873925797}
  - component: {fileID: 873925796}
  m_Layer: 0
  m_Name: Directional Light
  m_TagString: Untagged
  m_Icon: {fileID: 0}
  m_NavMeshLayer: 0
  m_StaticEditorFlags: 0
  m_IsActive: 1
--- !u!108 &873925796
Light:
  m_ObjectHideFlags: 0
  m_PrefabParentObject: {fileID: 0}
  m_PrefabInternal: {fileID: 0}
  m_GameObject: {fileID: 873925795}
  m_Enabled: 1
  serializedVersion: 8
  m_Type: 1
  m_Color: {r: 1, g: 1, b: 1, a: 1}
  m_Intensity: 1
  m_Range: 10
  m_SpotAngle: 30
  m_CookieSize: 10
  m_Shadows:
    m_Type: 0
    m_Resolution: -1
    m_CustomResolution: -1
    m_Strength: 1
    m_Bias: 0.05
    m_NormalBias: 0.4
    m_NearPlane: 0.2
  m_Cookie: {fileID: 0}
  m_DrawHalo: 0
  m_Flare: {fileID: 0}
  m_RenderMode: 0
  m_CullingMask:
    serializedVersion: 2
    m_Bits: 4294967295
  m_Lightmapping: 4
  m_AreaSize: {x: 1, y: 1}
  m_BounceIntensity: 1
  m_ColorTemperature: 6570
  m_UseColorTemperature: 0
  m_ShadowRadius: 0
  m_ShadowAngle: 0
--- !u!4 &873925797
Transform:
  m_ObjectHideFlags: 0
  m_PrefabParentObject: {fileID: 0}
  m_PrefabInternal: {fileID: 0}
  m_GameObject: {fileID: 873925795}
  m_LocalRotation: {x: 0.40821788, y: -0.23456968, z: 0.10938163, w: 0.8754261}
  m_LocalPosition: {x: 0.80779636, y: 0.090604156, z: -0.046875}
  m_LocalScale: {x: 1, y: 1, z: 1}
  m_Children: []
  m_Father: {fileID: 0}
  m_RootOrder: 1
  m_LocalEulerAnglesHint: {x: 50, y: -30, z: 0}
--- !u!1001 &880682853
Prefab:
  m_ObjectHideFlags: 0
  serializedVersion: 2
  m_Modification:
    m_TransformParent: {fileID: 1194725034}
    m_Modifications:
    - target: {fileID: 4138180075326406, guid: 1684d49001f18dc4c9010b8428601d51, type: 2}
      propertyPath: m_LocalPosition.x
      value: 35.27
      objectReference: {fileID: 0}
    - target: {fileID: 4138180075326406, guid: 1684d49001f18dc4c9010b8428601d51, type: 2}
      propertyPath: m_LocalPosition.y
      value: -4.24
      objectReference: {fileID: 0}
    - target: {fileID: 4138180075326406, guid: 1684d49001f18dc4c9010b8428601d51, type: 2}
      propertyPath: m_LocalPosition.z
      value: 0
      objectReference: {fileID: 0}
    - target: {fileID: 4138180075326406, guid: 1684d49001f18dc4c9010b8428601d51, type: 2}
      propertyPath: m_LocalRotation.x
      value: -0
      objectReference: {fileID: 0}
    - target: {fileID: 4138180075326406, guid: 1684d49001f18dc4c9010b8428601d51, type: 2}
      propertyPath: m_LocalRotation.y
      value: -0
      objectReference: {fileID: 0}
    - target: {fileID: 4138180075326406, guid: 1684d49001f18dc4c9010b8428601d51, type: 2}
      propertyPath: m_LocalRotation.z
      value: -0
      objectReference: {fileID: 0}
    - target: {fileID: 4138180075326406, guid: 1684d49001f18dc4c9010b8428601d51, type: 2}
      propertyPath: m_LocalRotation.w
      value: 1
      objectReference: {fileID: 0}
    - target: {fileID: 4138180075326406, guid: 1684d49001f18dc4c9010b8428601d51, type: 2}
      propertyPath: m_RootOrder
      value: 5
      objectReference: {fileID: 0}
    - target: {fileID: 1220359818576190, guid: 1684d49001f18dc4c9010b8428601d51, type: 2}
      propertyPath: m_Name
      value: Cylinder (5)
      objectReference: {fileID: 0}
    - target: {fileID: 1220359818576190, guid: 1684d49001f18dc4c9010b8428601d51, type: 2}
      propertyPath: m_TagString
      value: Wall
      objectReference: {fileID: 0}
    m_RemovedComponents: []
  m_ParentPrefab: {fileID: 100100000, guid: 1684d49001f18dc4c9010b8428601d51, type: 2}
  m_IsPrefabParent: 0
--- !u!1 &958209854
GameObject:
  m_ObjectHideFlags: 0
  m_PrefabParentObject: {fileID: 0}
  m_PrefabInternal: {fileID: 0}
  serializedVersion: 5
  m_Component:
  - component: {fileID: 958209855}
  - component: {fileID: 958209858}
  - component: {fileID: 958209857}
  - component: {fileID: 958209856}
  m_Layer: 0
  m_Name: Cube (5)
  m_TagString: Score
  m_Icon: {fileID: 0}
  m_NavMeshLayer: 0
  m_StaticEditorFlags: 0
  m_IsActive: 1
--- !u!4 &958209855
Transform:
  m_ObjectHideFlags: 0
  m_PrefabParentObject: {fileID: 0}
  m_PrefabInternal: {fileID: 0}
  m_GameObject: {fileID: 958209854}
  m_LocalRotation: {x: -0, y: -0, z: -0, w: 1}
  m_LocalPosition: {x: 21.124935, y: -5.148243, z: 0.10147524}
  m_LocalScale: {x: 0.5, y: 5, z: 1}
  m_Children: []
  m_Father: {fileID: 1483017920}
  m_RootOrder: 9
  m_LocalEulerAnglesHint: {x: 0, y: 0, z: 0}
--- !u!65 &958209856
BoxCollider:
  m_ObjectHideFlags: 0
  m_PrefabParentObject: {fileID: 0}
  m_PrefabInternal: {fileID: 0}
  m_GameObject: {fileID: 958209854}
  m_Material: {fileID: 0}
  m_IsTrigger: 1
  m_Enabled: 1
  serializedVersion: 2
  m_Size: {x: 1, y: 1, z: 1}
  m_Center: {x: 0, y: 0, z: 0}
--- !u!23 &958209857
MeshRenderer:
  m_ObjectHideFlags: 0
  m_PrefabParentObject: {fileID: 0}
  m_PrefabInternal: {fileID: 0}
  m_GameObject: {fileID: 958209854}
  m_Enabled: 0
  m_CastShadows: 1
  m_ReceiveShadows: 1
  m_DynamicOccludee: 1
  m_MotionVectors: 1
  m_LightProbeUsage: 1
  m_ReflectionProbeUsage: 1
  m_RenderingLayerMask: 4294967295
  m_Materials:
  - {fileID: 10303, guid: 0000000000000000f000000000000000, type: 0}
  m_StaticBatchInfo:
    firstSubMesh: 0
    subMeshCount: 0
  m_StaticBatchRoot: {fileID: 0}
  m_ProbeAnchor: {fileID: 0}
  m_LightProbeVolumeOverride: {fileID: 0}
  m_ScaleInLightmap: 1
  m_PreserveUVs: 0
  m_IgnoreNormalsForChartDetection: 0
  m_ImportantGI: 0
  m_StitchLightmapSeams: 0
  m_SelectedEditorRenderState: 3
  m_MinimumChartSize: 4
  m_AutoUVMaxDistance: 0.5
  m_AutoUVMaxAngle: 89
  m_LightmapParameters: {fileID: 0}
  m_SortingLayerID: 0
  m_SortingLayer: 0
  m_SortingOrder: 0
--- !u!33 &958209858
MeshFilter:
  m_ObjectHideFlags: 0
  m_PrefabParentObject: {fileID: 0}
  m_PrefabInternal: {fileID: 0}
  m_GameObject: {fileID: 958209854}
  m_Mesh: {fileID: 10202, guid: 0000000000000000e000000000000000, type: 0}
--- !u!4 &1073736599 stripped
Transform:
  m_PrefabParentObject: {fileID: 4138180075326406, guid: 1684d49001f18dc4c9010b8428601d51,
    type: 2}
  m_PrefabInternal: {fileID: 1449103760}
--- !u!1 &1103822059
GameObject:
  m_ObjectHideFlags: 0
  m_PrefabParentObject: {fileID: 0}
  m_PrefabInternal: {fileID: 0}
  serializedVersion: 5
  m_Component:
  - component: {fileID: 1103822063}
  - component: {fileID: 1103822062}
  - component: {fileID: 1103822061}
  - component: {fileID: 1103822060}
  m_Layer: 0
  m_Name: Cube (2)
  m_TagString: Score
  m_Icon: {fileID: 0}
  m_NavMeshLayer: 0
  m_StaticEditorFlags: 0
  m_IsActive: 1
--- !u!65 &1103822060
BoxCollider:
  m_ObjectHideFlags: 0
  m_PrefabParentObject: {fileID: 0}
  m_PrefabInternal: {fileID: 0}
  m_GameObject: {fileID: 1103822059}
  m_Material: {fileID: 0}
  m_IsTrigger: 1
  m_Enabled: 1
  serializedVersion: 2
  m_Size: {x: 1, y: 1, z: 1}
  m_Center: {x: 0, y: 0, z: 0}
--- !u!23 &1103822061
MeshRenderer:
  m_ObjectHideFlags: 0
  m_PrefabParentObject: {fileID: 0}
  m_PrefabInternal: {fileID: 0}
  m_GameObject: {fileID: 1103822059}
  m_Enabled: 0
  m_CastShadows: 1
  m_ReceiveShadows: 1
  m_DynamicOccludee: 1
  m_MotionVectors: 1
  m_LightProbeUsage: 1
  m_ReflectionProbeUsage: 1
  m_RenderingLayerMask: 4294967295
  m_Materials:
  - {fileID: 10303, guid: 0000000000000000f000000000000000, type: 0}
  m_StaticBatchInfo:
    firstSubMesh: 0
    subMeshCount: 0
  m_StaticBatchRoot: {fileID: 0}
  m_ProbeAnchor: {fileID: 0}
  m_LightProbeVolumeOverride: {fileID: 0}
  m_ScaleInLightmap: 1
  m_PreserveUVs: 0
  m_IgnoreNormalsForChartDetection: 0
  m_ImportantGI: 0
  m_StitchLightmapSeams: 0
  m_SelectedEditorRenderState: 3
  m_MinimumChartSize: 4
  m_AutoUVMaxDistance: 0.5
  m_AutoUVMaxAngle: 89
  m_LightmapParameters: {fileID: 0}
  m_SortingLayerID: 0
  m_SortingLayer: 0
  m_SortingOrder: 0
--- !u!33 &1103822062
MeshFilter:
  m_ObjectHideFlags: 0
  m_PrefabParentObject: {fileID: 0}
  m_PrefabInternal: {fileID: 0}
  m_GameObject: {fileID: 1103822059}
  m_Mesh: {fileID: 10202, guid: 0000000000000000e000000000000000, type: 0}
--- !u!4 &1103822063
Transform:
  m_ObjectHideFlags: 0
  m_PrefabParentObject: {fileID: 0}
  m_PrefabInternal: {fileID: 0}
  m_GameObject: {fileID: 1103822059}
  m_LocalRotation: {x: -0, y: -0, z: -0, w: 1}
  m_LocalPosition: {x: -14.585064, y: -3.3882427, z: 0.10147524}
  m_LocalScale: {x: 0.5, y: 5, z: 1}
  m_Children: []
  m_Father: {fileID: 1483017920}
  m_RootOrder: 2
  m_LocalEulerAnglesHint: {x: 0, y: 0, z: 0}
--- !u!1001 &1173802645
Prefab:
  m_ObjectHideFlags: 0
  serializedVersion: 2
  m_Modification:
    m_TransformParent: {fileID: 1194725034}
    m_Modifications:
    - target: {fileID: 4138180075326406, guid: 1684d49001f18dc4c9010b8428601d51, type: 2}
      propertyPath: m_LocalPosition.x
      value: 46.36
      objectReference: {fileID: 0}
    - target: {fileID: 4138180075326406, guid: 1684d49001f18dc4c9010b8428601d51, type: 2}
      propertyPath: m_LocalPosition.y
      value: 8.82
      objectReference: {fileID: 0}
    - target: {fileID: 4138180075326406, guid: 1684d49001f18dc4c9010b8428601d51, type: 2}
      propertyPath: m_LocalPosition.z
      value: 0
      objectReference: {fileID: 0}
    - target: {fileID: 4138180075326406, guid: 1684d49001f18dc4c9010b8428601d51, type: 2}
      propertyPath: m_LocalRotation.x
      value: -0
      objectReference: {fileID: 0}
    - target: {fileID: 4138180075326406, guid: 1684d49001f18dc4c9010b8428601d51, type: 2}
      propertyPath: m_LocalRotation.y
      value: -0
      objectReference: {fileID: 0}
    - target: {fileID: 4138180075326406, guid: 1684d49001f18dc4c9010b8428601d51, type: 2}
      propertyPath: m_LocalRotation.z
      value: -0
      objectReference: {fileID: 0}
    - target: {fileID: 4138180075326406, guid: 1684d49001f18dc4c9010b8428601d51, type: 2}
      propertyPath: m_LocalRotation.w
      value: 1
      objectReference: {fileID: 0}
    - target: {fileID: 4138180075326406, guid: 1684d49001f18dc4c9010b8428601d51, type: 2}
      propertyPath: m_RootOrder
      value: 17
      objectReference: {fileID: 0}
    - target: {fileID: 1220359818576190, guid: 1684d49001f18dc4c9010b8428601d51, type: 2}
      propertyPath: m_Name
      value: Cylinder (15)
      objectReference: {fileID: 0}
    - target: {fileID: 1220359818576190, guid: 1684d49001f18dc4c9010b8428601d51, type: 2}
      propertyPath: m_TagString
      value: Wall
      objectReference: {fileID: 0}
    m_RemovedComponents: []
  m_ParentPrefab: {fileID: 100100000, guid: 1684d49001f18dc4c9010b8428601d51, type: 2}
  m_IsPrefabParent: 0
--- !u!4 &1173802646 stripped
Transform:
  m_PrefabParentObject: {fileID: 4138180075326406, guid: 1684d49001f18dc4c9010b8428601d51,
    type: 2}
  m_PrefabInternal: {fileID: 1173802645}
--- !u!1 &1194725033
GameObject:
  m_ObjectHideFlags: 0
  m_PrefabParentObject: {fileID: 0}
  m_PrefabInternal: {fileID: 0}
  serializedVersion: 5
  m_Component:
  - component: {fileID: 1194725034}
  m_Layer: 0
  m_Name: Walls
  m_TagString: Untagged
  m_Icon: {fileID: 0}
  m_NavMeshLayer: 0
  m_StaticEditorFlags: 0
  m_IsActive: 1
--- !u!4 &1194725034
Transform:
  m_ObjectHideFlags: 0
  m_PrefabParentObject: {fileID: 0}
  m_PrefabInternal: {fileID: 0}
  m_GameObject: {fileID: 1194725033}
  m_LocalRotation: {x: 0, y: 0, z: 0, w: 1}
  m_LocalPosition: {x: 0, y: 0, z: 0}
  m_LocalScale: {x: 1, y: 1, z: 1}
  m_Children:
  - {fileID: 680412400}
  - {fileID: 1438101711}
  - {fileID: 209992320}
  - {fileID: 2127281387}
  - {fileID: 1073736599}
  - {fileID: 2128933320}
  - {fileID: 588915960}
  - {fileID: 601638212}
  - {fileID: 1201721158}
  - {fileID: 1853254327}
  - {fileID: 1415218074}
  - {fileID: 80480902}
  - {fileID: 1292020389}
  - {fileID: 242427617}
  - {fileID: 1248653953}
  - {fileID: 646792574}
  - {fileID: 560860449}
  - {fileID: 1173802646}
  - {fileID: 33402387}
  - {fileID: 346187993}
  - {fileID: 1246091069}
  - {fileID: 2029487880}
  m_Father: {fileID: 0}
  m_RootOrder: 2
  m_LocalEulerAnglesHint: {x: 0, y: 0, z: 0}
--- !u!4 &1201721158 stripped
Transform:
  m_PrefabParentObject: {fileID: 4138180075326406, guid: 1684d49001f18dc4c9010b8428601d51,
    type: 2}
  m_PrefabInternal: {fileID: 530561929}
--- !u!1001 &1246091068
Prefab:
  m_ObjectHideFlags: 0
  serializedVersion: 2
  m_Modification:
    m_TransformParent: {fileID: 1194725034}
    m_Modifications:
    - target: {fileID: 4138180075326406, guid: 1684d49001f18dc4c9010b8428601d51, type: 2}
      propertyPath: m_LocalPosition.x
      value: 50.25
      objectReference: {fileID: 0}
    - target: {fileID: 4138180075326406, guid: 1684d49001f18dc4c9010b8428601d51, type: 2}
      propertyPath: m_LocalPosition.y
      value: -6.19
      objectReference: {fileID: 0}
    - target: {fileID: 4138180075326406, guid: 1684d49001f18dc4c9010b8428601d51, type: 2}
      propertyPath: m_LocalPosition.z
      value: 0
      objectReference: {fileID: 0}
    - target: {fileID: 4138180075326406, guid: 1684d49001f18dc4c9010b8428601d51, type: 2}
      propertyPath: m_LocalRotation.x
      value: -0
      objectReference: {fileID: 0}
    - target: {fileID: 4138180075326406, guid: 1684d49001f18dc4c9010b8428601d51, type: 2}
      propertyPath: m_LocalRotation.y
      value: -0
      objectReference: {fileID: 0}
    - target: {fileID: 4138180075326406, guid: 1684d49001f18dc4c9010b8428601d51, type: 2}
      propertyPath: m_LocalRotation.z
      value: -0
      objectReference: {fileID: 0}
    - target: {fileID: 4138180075326406, guid: 1684d49001f18dc4c9010b8428601d51, type: 2}
      propertyPath: m_LocalRotation.w
      value: 1
      objectReference: {fileID: 0}
    - target: {fileID: 4138180075326406, guid: 1684d49001f18dc4c9010b8428601d51, type: 2}
      propertyPath: m_RootOrder
      value: 20
      objectReference: {fileID: 0}
    - target: {fileID: 1220359818576190, guid: 1684d49001f18dc4c9010b8428601d51, type: 2}
      propertyPath: m_Name
      value: Cylinder (18)
      objectReference: {fileID: 0}
    - target: {fileID: 1220359818576190, guid: 1684d49001f18dc4c9010b8428601d51, type: 2}
      propertyPath: m_TagString
      value: Wall
      objectReference: {fileID: 0}
    m_RemovedComponents: []
  m_ParentPrefab: {fileID: 100100000, guid: 1684d49001f18dc4c9010b8428601d51, type: 2}
  m_IsPrefabParent: 0
--- !u!4 &1246091069 stripped
Transform:
  m_PrefabParentObject: {fileID: 4138180075326406, guid: 1684d49001f18dc4c9010b8428601d51,
    type: 2}
  m_PrefabInternal: {fileID: 1246091068}
--- !u!1001 &1248653952
Prefab:
  m_ObjectHideFlags: 0
  serializedVersion: 2
  m_Modification:
    m_TransformParent: {fileID: 1194725034}
    m_Modifications:
    - target: {fileID: 4138180075326406, guid: 1684d49001f18dc4c9010b8428601d51, type: 2}
      propertyPath: m_LocalPosition.x
      value: 40.46
      objectReference: {fileID: 0}
    - target: {fileID: 4138180075326406, guid: 1684d49001f18dc4c9010b8428601d51, type: 2}
      propertyPath: m_LocalPosition.y
      value: -6.6
      objectReference: {fileID: 0}
    - target: {fileID: 4138180075326406, guid: 1684d49001f18dc4c9010b8428601d51, type: 2}
      propertyPath: m_LocalPosition.z
      value: 0
      objectReference: {fileID: 0}
    - target: {fileID: 4138180075326406, guid: 1684d49001f18dc4c9010b8428601d51, type: 2}
      propertyPath: m_LocalRotation.x
      value: -0
      objectReference: {fileID: 0}
    - target: {fileID: 4138180075326406, guid: 1684d49001f18dc4c9010b8428601d51, type: 2}
      propertyPath: m_LocalRotation.y
      value: -0
      objectReference: {fileID: 0}
    - target: {fileID: 4138180075326406, guid: 1684d49001f18dc4c9010b8428601d51, type: 2}
      propertyPath: m_LocalRotation.z
      value: -0
      objectReference: {fileID: 0}
    - target: {fileID: 4138180075326406, guid: 1684d49001f18dc4c9010b8428601d51, type: 2}
      propertyPath: m_LocalRotation.w
      value: 1
      objectReference: {fileID: 0}
    - target: {fileID: 4138180075326406, guid: 1684d49001f18dc4c9010b8428601d51, type: 2}
      propertyPath: m_RootOrder
      value: 14
      objectReference: {fileID: 0}
    - target: {fileID: 1220359818576190, guid: 1684d49001f18dc4c9010b8428601d51, type: 2}
      propertyPath: m_Name
      value: Cylinder (12)
      objectReference: {fileID: 0}
    - target: {fileID: 1220359818576190, guid: 1684d49001f18dc4c9010b8428601d51, type: 2}
      propertyPath: m_TagString
      value: Wall
      objectReference: {fileID: 0}
    m_RemovedComponents: []
  m_ParentPrefab: {fileID: 100100000, guid: 1684d49001f18dc4c9010b8428601d51, type: 2}
  m_IsPrefabParent: 0
--- !u!4 &1248653953 stripped
Transform:
  m_PrefabParentObject: {fileID: 4138180075326406, guid: 1684d49001f18dc4c9010b8428601d51,
    type: 2}
  m_PrefabInternal: {fileID: 1248653952}
--- !u!1 &1292020385
GameObject:
  m_ObjectHideFlags: 0
  m_PrefabParentObject: {fileID: 0}
  m_PrefabInternal: {fileID: 0}
  serializedVersion: 5
  m_Component:
  - component: {fileID: 1292020389}
  - component: {fileID: 1292020388}
  - component: {fileID: 1292020387}
  - component: {fileID: 1292020386}
  - component: {fileID: 1292020391}
  - component: {fileID: 1292020390}
  m_Layer: 0
  m_Name: Cube
  m_TagString: Wall
  m_Icon: {fileID: 0}
  m_NavMeshLayer: 0
  m_StaticEditorFlags: 0
  m_IsActive: 1
--- !u!65 &1292020386
BoxCollider:
  m_ObjectHideFlags: 0
  m_PrefabParentObject: {fileID: 0}
  m_PrefabInternal: {fileID: 0}
  m_GameObject: {fileID: 1292020385}
  m_Material: {fileID: 0}
  m_IsTrigger: 0
  m_Enabled: 1
  serializedVersion: 2
  m_Size: {x: 1, y: 1, z: 1}
  m_Center: {x: 0, y: 0, z: 0}
--- !u!23 &1292020387
MeshRenderer:
  m_ObjectHideFlags: 0
  m_PrefabParentObject: {fileID: 0}
  m_PrefabInternal: {fileID: 0}
  m_GameObject: {fileID: 1292020385}
  m_Enabled: 1
  m_CastShadows: 1
  m_ReceiveShadows: 1
  m_DynamicOccludee: 1
  m_MotionVectors: 1
  m_LightProbeUsage: 1
  m_ReflectionProbeUsage: 1
  m_RenderingLayerMask: 4294967295
  m_Materials:
  - {fileID: 10303, guid: 0000000000000000f000000000000000, type: 0}
  m_StaticBatchInfo:
    firstSubMesh: 0
    subMeshCount: 0
  m_StaticBatchRoot: {fileID: 0}
  m_ProbeAnchor: {fileID: 0}
  m_LightProbeVolumeOverride: {fileID: 0}
  m_ScaleInLightmap: 1
  m_PreserveUVs: 0
  m_IgnoreNormalsForChartDetection: 0
  m_ImportantGI: 0
  m_StitchLightmapSeams: 0
  m_SelectedEditorRenderState: 3
  m_MinimumChartSize: 4
  m_AutoUVMaxDistance: 0.5
  m_AutoUVMaxAngle: 89
  m_LightmapParameters: {fileID: 0}
  m_SortingLayerID: 0
  m_SortingLayer: 0
  m_SortingOrder: 0
--- !u!33 &1292020388
MeshFilter:
  m_ObjectHideFlags: 0
  m_PrefabParentObject: {fileID: 0}
  m_PrefabInternal: {fileID: 0}
  m_GameObject: {fileID: 1292020385}
  m_Mesh: {fileID: 10202, guid: 0000000000000000e000000000000000, type: 0}
--- !u!4 &1292020389
Transform:
  m_ObjectHideFlags: 0
  m_PrefabParentObject: {fileID: 0}
  m_PrefabInternal: {fileID: 0}
  m_GameObject: {fileID: 1292020385}
  m_LocalRotation: {x: -0, y: -0, z: -0, w: 1}
  m_LocalPosition: {x: 40, y: -4, z: 0}
  m_LocalScale: {x: 100, y: 1, z: 1}
  m_Children: []
  m_Father: {fileID: 1194725034}
  m_RootOrder: 12
  m_LocalEulerAnglesHint: {x: 0, y: 0, z: 0}
--- !u!65 &1292020390
BoxCollider:
  m_ObjectHideFlags: 0
  m_PrefabParentObject: {fileID: 0}
  m_PrefabInternal: {fileID: 0}
  m_GameObject: {fileID: 1292020385}
  m_Material: {fileID: 0}
  m_IsTrigger: 0
  m_Enabled: 1
  serializedVersion: 2
  m_Size: {x: 1, y: 1, z: 1}
  m_Center: {x: 0, y: 0, z: 0}
--- !u!54 &1292020391
Rigidbody:
  m_ObjectHideFlags: 0
  m_PrefabParentObject: {fileID: 0}
  m_PrefabInternal: {fileID: 0}
  m_GameObject: {fileID: 1292020385}
  serializedVersion: 2
  m_Mass: 1
  m_Drag: 0
  m_AngularDrag: 0.05
  m_UseGravity: 0
  m_IsKinematic: 0
  m_Interpolate: 0
  m_Constraints: 126
  m_CollisionDetection: 0
--- !u!4 &1415218074 stripped
Transform:
  m_PrefabParentObject: {fileID: 4138180075326406, guid: 1684d49001f18dc4c9010b8428601d51,
    type: 2}
  m_PrefabInternal: {fileID: 1728140463}
--- !u!4 &1438101711 stripped
Transform:
  m_PrefabParentObject: {fileID: 4138180075326406, guid: 1684d49001f18dc4c9010b8428601d51,
    type: 2}
  m_PrefabInternal: {fileID: 846850000}
--- !u!1001 &1449103760
Prefab:
  m_ObjectHideFlags: 0
  serializedVersion: 2
  m_Modification:
    m_TransformParent: {fileID: 1194725034}
    m_Modifications:
    - target: {fileID: 4138180075326406, guid: 1684d49001f18dc4c9010b8428601d51, type: 2}
      propertyPath: m_LocalPosition.x
      value: 29.22
      objectReference: {fileID: 0}
    - target: {fileID: 4138180075326406, guid: 1684d49001f18dc4c9010b8428601d51, type: 2}
      propertyPath: m_LocalPosition.y
      value: -4.22
      objectReference: {fileID: 0}
    - target: {fileID: 4138180075326406, guid: 1684d49001f18dc4c9010b8428601d51, type: 2}
      propertyPath: m_LocalPosition.z
      value: 0
      objectReference: {fileID: 0}
    - target: {fileID: 4138180075326406, guid: 1684d49001f18dc4c9010b8428601d51, type: 2}
      propertyPath: m_LocalRotation.x
      value: -0
      objectReference: {fileID: 0}
    - target: {fileID: 4138180075326406, guid: 1684d49001f18dc4c9010b8428601d51, type: 2}
      propertyPath: m_LocalRotation.y
      value: -0
      objectReference: {fileID: 0}
    - target: {fileID: 4138180075326406, guid: 1684d49001f18dc4c9010b8428601d51, type: 2}
      propertyPath: m_LocalRotation.z
      value: -0
      objectReference: {fileID: 0}
    - target: {fileID: 4138180075326406, guid: 1684d49001f18dc4c9010b8428601d51, type: 2}
      propertyPath: m_LocalRotation.w
      value: 1
      objectReference: {fileID: 0}
    - target: {fileID: 4138180075326406, guid: 1684d49001f18dc4c9010b8428601d51, type: 2}
      propertyPath: m_RootOrder
      value: 4
      objectReference: {fileID: 0}
    - target: {fileID: 1220359818576190, guid: 1684d49001f18dc4c9010b8428601d51, type: 2}
      propertyPath: m_Name
      value: Cylinder (4)
      objectReference: {fileID: 0}
    - target: {fileID: 1220359818576190, guid: 1684d49001f18dc4c9010b8428601d51, type: 2}
      propertyPath: m_TagString
      value: Wall
      objectReference: {fileID: 0}
    m_RemovedComponents: []
  m_ParentPrefab: {fileID: 100100000, guid: 1684d49001f18dc4c9010b8428601d51, type: 2}
  m_IsPrefabParent: 0
--- !u!1 &1483017919
GameObject:
  m_ObjectHideFlags: 0
  m_PrefabParentObject: {fileID: 0}
  m_PrefabInternal: {fileID: 0}
  serializedVersion: 5
  m_Component:
  - component: {fileID: 1483017920}
  m_Layer: 0
  m_Name: Score
  m_TagString: Untagged
  m_Icon: {fileID: 0}
  m_NavMeshLayer: 0
  m_StaticEditorFlags: 0
  m_IsActive: 1
--- !u!4 &1483017920
Transform:
  m_ObjectHideFlags: 0
  m_PrefabParentObject: {fileID: 0}
  m_PrefabInternal: {fileID: 0}
  m_GameObject: {fileID: 1483017919}
  m_LocalRotation: {x: 0, y: 0, z: 0, w: 1}
  m_LocalPosition: {x: 29.745064, y: 3.9282427, z: -0.1328125}
  m_LocalScale: {x: 1, y: 1, z: 1}
  m_Children:
  - {fileID: 1935762057}
  - {fileID: 161604225}
  - {fileID: 1103822063}
  - {fileID: 1828683328}
  - {fileID: 2129215249}
  - {fileID: 865039758}
  - {fileID: 158599696}
  - {fileID: 614536426}
  - {fileID: 1749746225}
  - {fileID: 958209855}
  m_Father: {fileID: 0}
  m_RootOrder: 3
  m_LocalEulerAnglesHint: {x: 0, y: 0, z: 0}
--- !u!1 &1646903146
GameObject:
  m_ObjectHideFlags: 0
  m_PrefabParentObject: {fileID: 0}
  m_PrefabInternal: {fileID: 0}
  serializedVersion: 5
  m_Component:
  - component: {fileID: 1646903149}
  - component: {fileID: 1646903148}
  - component: {fileID: 1646903147}
  m_Layer: 0
  m_Name: EventSystem
  m_TagString: Untagged
  m_Icon: {fileID: 0}
  m_NavMeshLayer: 0
  m_StaticEditorFlags: 0
  m_IsActive: 1
--- !u!114 &1646903147
MonoBehaviour:
  m_ObjectHideFlags: 0
  m_PrefabParentObject: {fileID: 0}
  m_PrefabInternal: {fileID: 0}
  m_GameObject: {fileID: 1646903146}
  m_Enabled: 1
  m_EditorHideFlags: 0
  m_Script: {fileID: 1077351063, guid: f70555f144d8491a825f0804e09c671c, type: 3}
  m_Name: 
  m_EditorClassIdentifier: 
  m_HorizontalAxis: Horizontal
  m_VerticalAxis: Vertical
  m_SubmitButton: Submit
  m_CancelButton: Cancel
  m_InputActionsPerSecond: 10
  m_RepeatDelay: 0.5
  m_ForceModuleActive: 0
--- !u!114 &1646903148
MonoBehaviour:
  m_ObjectHideFlags: 0
  m_PrefabParentObject: {fileID: 0}
  m_PrefabInternal: {fileID: 0}
  m_GameObject: {fileID: 1646903146}
  m_Enabled: 1
  m_EditorHideFlags: 0
  m_Script: {fileID: -619905303, guid: f70555f144d8491a825f0804e09c671c, type: 3}
  m_Name: 
  m_EditorClassIdentifier: 
  m_FirstSelected: {fileID: 0}
  m_sendNavigationEvents: 1
  m_DragThreshold: 10
--- !u!4 &1646903149
Transform:
  m_ObjectHideFlags: 0
  m_PrefabParentObject: {fileID: 0}
  m_PrefabInternal: {fileID: 0}
  m_GameObject: {fileID: 1646903146}
  m_LocalRotation: {x: 0, y: 0, z: 0, w: 1}
  m_LocalPosition: {x: 0, y: 0, z: 0}
  m_LocalScale: {x: 1, y: 1, z: 1}
  m_Children: []
  m_Father: {fileID: 0}
  m_RootOrder: 5
  m_LocalEulerAnglesHint: {x: 0, y: 0, z: 0}
--- !u!1001 &1728140463
Prefab:
  m_ObjectHideFlags: 0
  serializedVersion: 2
  m_Modification:
    m_TransformParent: {fileID: 1194725034}
    m_Modifications:
    - target: {fileID: 4138180075326406, guid: 1684d49001f18dc4c9010b8428601d51, type: 2}
      propertyPath: m_LocalPosition.x
      value: 29.22
      objectReference: {fileID: 0}
    - target: {fileID: 4138180075326406, guid: 1684d49001f18dc4c9010b8428601d51, type: 2}
      propertyPath: m_LocalPosition.y
      value: 5.78
      objectReference: {fileID: 0}
    - target: {fileID: 4138180075326406, guid: 1684d49001f18dc4c9010b8428601d51, type: 2}
      propertyPath: m_LocalPosition.z
      value: 0
      objectReference: {fileID: 0}
    - target: {fileID: 4138180075326406, guid: 1684d49001f18dc4c9010b8428601d51, type: 2}
      propertyPath: m_LocalRotation.x
      value: -0
      objectReference: {fileID: 0}
    - target: {fileID: 4138180075326406, guid: 1684d49001f18dc4c9010b8428601d51, type: 2}
      propertyPath: m_LocalRotation.y
      value: -0
      objectReference: {fileID: 0}
    - target: {fileID: 4138180075326406, guid: 1684d49001f18dc4c9010b8428601d51, type: 2}
      propertyPath: m_LocalRotation.z
      value: -0
      objectReference: {fileID: 0}
    - target: {fileID: 4138180075326406, guid: 1684d49001f18dc4c9010b8428601d51, type: 2}
      propertyPath: m_LocalRotation.w
      value: 1
      objectReference: {fileID: 0}
    - target: {fileID: 4138180075326406, guid: 1684d49001f18dc4c9010b8428601d51, type: 2}
      propertyPath: m_RootOrder
      value: 10
      objectReference: {fileID: 0}
    - target: {fileID: 1220359818576190, guid: 1684d49001f18dc4c9010b8428601d51, type: 2}
      propertyPath: m_Name
      value: Cylinder (10)
      objectReference: {fileID: 0}
    - target: {fileID: 1220359818576190, guid: 1684d49001f18dc4c9010b8428601d51, type: 2}
      propertyPath: m_TagString
      value: Wall
      objectReference: {fileID: 0}
    m_RemovedComponents: []
  m_ParentPrefab: {fileID: 100100000, guid: 1684d49001f18dc4c9010b8428601d51, type: 2}
  m_IsPrefabParent: 0
--- !u!1001 &1743022665
Prefab:
  m_ObjectHideFlags: 0
  serializedVersion: 2
  m_Modification:
    m_TransformParent: {fileID: 1194725034}
    m_Modifications:
    - target: {fileID: 4138180075326406, guid: 1684d49001f18dc4c9010b8428601d51, type: 2}
      propertyPath: m_LocalPosition.x
      value: 0.12
      objectReference: {fileID: 0}
    - target: {fileID: 4138180075326406, guid: 1684d49001f18dc4c9010b8428601d51, type: 2}
      propertyPath: m_LocalPosition.y
      value: 6.85
      objectReference: {fileID: 0}
    - target: {fileID: 4138180075326406, guid: 1684d49001f18dc4c9010b8428601d51, type: 2}
      propertyPath: m_LocalPosition.z
      value: 0
      objectReference: {fileID: 0}
    - target: {fileID: 4138180075326406, guid: 1684d49001f18dc4c9010b8428601d51, type: 2}
      propertyPath: m_LocalRotation.x
      value: -0
      objectReference: {fileID: 0}
    - target: {fileID: 4138180075326406, guid: 1684d49001f18dc4c9010b8428601d51, type: 2}
      propertyPath: m_LocalRotation.y
      value: -0
      objectReference: {fileID: 0}
    - target: {fileID: 4138180075326406, guid: 1684d49001f18dc4c9010b8428601d51, type: 2}
      propertyPath: m_LocalRotation.z
      value: -0
      objectReference: {fileID: 0}
    - target: {fileID: 4138180075326406, guid: 1684d49001f18dc4c9010b8428601d51, type: 2}
      propertyPath: m_LocalRotation.w
      value: 1
      objectReference: {fileID: 0}
    - target: {fileID: 4138180075326406, guid: 1684d49001f18dc4c9010b8428601d51, type: 2}
      propertyPath: m_RootOrder
      value: 6
      objectReference: {fileID: 0}
    - target: {fileID: 1220359818576190, guid: 1684d49001f18dc4c9010b8428601d51, type: 2}
      propertyPath: m_Name
      value: Cylinder (6)
      objectReference: {fileID: 0}
    - target: {fileID: 1220359818576190, guid: 1684d49001f18dc4c9010b8428601d51, type: 2}
      propertyPath: m_TagString
      value: Wall
      objectReference: {fileID: 0}
    m_RemovedComponents: []
  m_ParentPrefab: {fileID: 100100000, guid: 1684d49001f18dc4c9010b8428601d51, type: 2}
  m_IsPrefabParent: 0
--- !u!1 &1749746224
GameObject:
  m_ObjectHideFlags: 0
  m_PrefabParentObject: {fileID: 0}
  m_PrefabInternal: {fileID: 0}
  serializedVersion: 5
  m_Component:
  - component: {fileID: 1749746225}
  - component: {fileID: 1749746228}
  - component: {fileID: 1749746227}
  - component: {fileID: 1749746226}
  m_Layer: 0
  m_Name: Cube (5)
  m_TagString: Score
  m_Icon: {fileID: 0}
  m_NavMeshLayer: 0
  m_StaticEditorFlags: 0
  m_IsActive: 1
--- !u!4 &1749746225
Transform:
  m_ObjectHideFlags: 0
  m_PrefabParentObject: {fileID: 0}
  m_PrefabInternal: {fileID: 0}
  m_GameObject: {fileID: 1749746224}
  m_LocalRotation: {x: -0, y: -0, z: -0, w: 1}
  m_LocalPosition: {x: 17.234936, y: -0.1382432, z: 0.10147524}
  m_LocalScale: {x: 0.5, y: 5, z: 1}
  m_Children: []
  m_Father: {fileID: 1483017920}
  m_RootOrder: 8
  m_LocalEulerAnglesHint: {x: 0, y: 0, z: 0}
--- !u!65 &1749746226
BoxCollider:
  m_ObjectHideFlags: 0
  m_PrefabParentObject: {fileID: 0}
  m_PrefabInternal: {fileID: 0}
  m_GameObject: {fileID: 1749746224}
  m_Material: {fileID: 0}
  m_IsTrigger: 1
  m_Enabled: 1
  serializedVersion: 2
  m_Size: {x: 1, y: 1, z: 1}
  m_Center: {x: 0, y: 0, z: 0}
--- !u!23 &1749746227
MeshRenderer:
  m_ObjectHideFlags: 0
  m_PrefabParentObject: {fileID: 0}
  m_PrefabInternal: {fileID: 0}
  m_GameObject: {fileID: 1749746224}
  m_Enabled: 0
  m_CastShadows: 1
  m_ReceiveShadows: 1
  m_DynamicOccludee: 1
  m_MotionVectors: 1
  m_LightProbeUsage: 1
  m_ReflectionProbeUsage: 1
  m_RenderingLayerMask: 4294967295
  m_Materials:
  - {fileID: 10303, guid: 0000000000000000f000000000000000, type: 0}
  m_StaticBatchInfo:
    firstSubMesh: 0
    subMeshCount: 0
  m_StaticBatchRoot: {fileID: 0}
  m_ProbeAnchor: {fileID: 0}
  m_LightProbeVolumeOverride: {fileID: 0}
  m_ScaleInLightmap: 1
  m_PreserveUVs: 0
  m_IgnoreNormalsForChartDetection: 0
  m_ImportantGI: 0
  m_StitchLightmapSeams: 0
  m_SelectedEditorRenderState: 3
  m_MinimumChartSize: 4
  m_AutoUVMaxDistance: 0.5
  m_AutoUVMaxAngle: 89
  m_LightmapParameters: {fileID: 0}
  m_SortingLayerID: 0
  m_SortingLayer: 0
  m_SortingOrder: 0
--- !u!33 &1749746228
MeshFilter:
  m_ObjectHideFlags: 0
  m_PrefabParentObject: {fileID: 0}
  m_PrefabInternal: {fileID: 0}
  m_GameObject: {fileID: 1749746224}
  m_Mesh: {fileID: 10202, guid: 0000000000000000e000000000000000, type: 0}
--- !u!1001 &1798106180
Prefab:
  m_ObjectHideFlags: 0
  serializedVersion: 2
  m_Modification:
    m_TransformParent: {fileID: 1194725034}
    m_Modifications:
    - target: {fileID: 4138180075326406, guid: 1684d49001f18dc4c9010b8428601d51, type: 2}
      propertyPath: m_LocalPosition.x
      value: 0.12
      objectReference: {fileID: 0}
    - target: {fileID: 4138180075326406, guid: 1684d49001f18dc4c9010b8428601d51, type: 2}
      propertyPath: m_LocalPosition.y
      value: -4.15
      objectReference: {fileID: 0}
    - target: {fileID: 4138180075326406, guid: 1684d49001f18dc4c9010b8428601d51, type: 2}
      propertyPath: m_LocalPosition.z
      value: 0
      objectReference: {fileID: 0}
    - target: {fileID: 4138180075326406, guid: 1684d49001f18dc4c9010b8428601d51, type: 2}
      propertyPath: m_LocalRotation.x
      value: -0
      objectReference: {fileID: 0}
    - target: {fileID: 4138180075326406, guid: 1684d49001f18dc4c9010b8428601d51, type: 2}
      propertyPath: m_LocalRotation.y
      value: -0
      objectReference: {fileID: 0}
    - target: {fileID: 4138180075326406, guid: 1684d49001f18dc4c9010b8428601d51, type: 2}
      propertyPath: m_LocalRotation.z
      value: -0
      objectReference: {fileID: 0}
    - target: {fileID: 4138180075326406, guid: 1684d49001f18dc4c9010b8428601d51, type: 2}
      propertyPath: m_LocalRotation.w
      value: 1
      objectReference: {fileID: 0}
    - target: {fileID: 4138180075326406, guid: 1684d49001f18dc4c9010b8428601d51, type: 2}
      propertyPath: m_RootOrder
      value: 0
      objectReference: {fileID: 0}
    - target: {fileID: 1220359818576190, guid: 1684d49001f18dc4c9010b8428601d51, type: 2}
      propertyPath: m_TagString
      value: Wall
      objectReference: {fileID: 0}
    m_RemovedComponents: []
  m_ParentPrefab: {fileID: 100100000, guid: 1684d49001f18dc4c9010b8428601d51, type: 2}
  m_IsPrefabParent: 0
--- !u!1 &1828683324
GameObject:
  m_ObjectHideFlags: 0
  m_PrefabParentObject: {fileID: 0}
  m_PrefabInternal: {fileID: 0}
  serializedVersion: 5
  m_Component:
  - component: {fileID: 1828683328}
  - component: {fileID: 1828683327}
  - component: {fileID: 1828683326}
  - component: {fileID: 1828683325}
  m_Layer: 0
  m_Name: Cube (3)
  m_TagString: Score
  m_Icon: {fileID: 0}
  m_NavMeshLayer: 0
  m_StaticEditorFlags: 0
  m_IsActive: 1
--- !u!65 &1828683325
BoxCollider:
  m_ObjectHideFlags: 0
  m_PrefabParentObject: {fileID: 0}
  m_PrefabInternal: {fileID: 0}
  m_GameObject: {fileID: 1828683324}
  m_Material: {fileID: 0}
  m_IsTrigger: 1
  m_Enabled: 1
  serializedVersion: 2
  m_Size: {x: 1, y: 1, z: 1}
  m_Center: {x: 0, y: 0, z: 0}
--- !u!23 &1828683326
MeshRenderer:
  m_ObjectHideFlags: 0
  m_PrefabParentObject: {fileID: 0}
  m_PrefabInternal: {fileID: 0}
  m_GameObject: {fileID: 1828683324}
  m_Enabled: 0
  m_CastShadows: 1
  m_ReceiveShadows: 1
  m_DynamicOccludee: 1
  m_MotionVectors: 1
  m_LightProbeUsage: 1
  m_ReflectionProbeUsage: 1
  m_RenderingLayerMask: 4294967295
  m_Materials:
  - {fileID: 10303, guid: 0000000000000000f000000000000000, type: 0}
  m_StaticBatchInfo:
    firstSubMesh: 0
    subMeshCount: 0
  m_StaticBatchRoot: {fileID: 0}
  m_ProbeAnchor: {fileID: 0}
  m_LightProbeVolumeOverride: {fileID: 0}
  m_ScaleInLightmap: 1
  m_PreserveUVs: 0
  m_IgnoreNormalsForChartDetection: 0
  m_ImportantGI: 0
  m_StitchLightmapSeams: 0
  m_SelectedEditorRenderState: 3
  m_MinimumChartSize: 4
  m_AutoUVMaxDistance: 0.5
  m_AutoUVMaxAngle: 89
  m_LightmapParameters: {fileID: 0}
  m_SortingLayerID: 0
  m_SortingLayer: 0
  m_SortingOrder: 0
--- !u!33 &1828683327
MeshFilter:
  m_ObjectHideFlags: 0
  m_PrefabParentObject: {fileID: 0}
  m_PrefabInternal: {fileID: 0}
  m_GameObject: {fileID: 1828683324}
  m_Mesh: {fileID: 10202, guid: 0000000000000000e000000000000000, type: 0}
--- !u!4 &1828683328
Transform:
  m_ObjectHideFlags: 0
  m_PrefabParentObject: {fileID: 0}
  m_PrefabInternal: {fileID: 0}
  m_GameObject: {fileID: 1828683324}
  m_LocalRotation: {x: -0, y: -0, z: -0, w: 1}
  m_LocalPosition: {x: -7.3150635, y: -1.0882428, z: 0.10147524}
  m_LocalScale: {x: 0.5, y: 5, z: 1}
  m_Children: []
  m_Father: {fileID: 1483017920}
  m_RootOrder: 3
  m_LocalEulerAnglesHint: {x: 0, y: 0, z: 0}
--- !u!4 &1853254327 stripped
Transform:
  m_PrefabParentObject: {fileID: 4138180075326406, guid: 1684d49001f18dc4c9010b8428601d51,
    type: 2}
  m_PrefabInternal: {fileID: 160122968}
--- !u!1 &1935762053
GameObject:
  m_ObjectHideFlags: 0
  m_PrefabParentObject: {fileID: 0}
  m_PrefabInternal: {fileID: 0}
  serializedVersion: 5
  m_Component:
  - component: {fileID: 1935762057}
  - component: {fileID: 1935762056}
  - component: {fileID: 1935762055}
  - component: {fileID: 1935762054}
  m_Layer: 0
  m_Name: Cube
  m_TagString: Score
  m_Icon: {fileID: 0}
  m_NavMeshLayer: 0
  m_StaticEditorFlags: 0
  m_IsActive: 1
--- !u!65 &1935762054
BoxCollider:
  m_ObjectHideFlags: 0
  m_PrefabParentObject: {fileID: 0}
  m_PrefabInternal: {fileID: 0}
  m_GameObject: {fileID: 1935762053}
  m_Material: {fileID: 0}
  m_IsTrigger: 1
  m_Enabled: 1
  serializedVersion: 2
  m_Size: {x: 1, y: 1, z: 1}
  m_Center: {x: 0, y: 0, z: 0}
--- !u!23 &1935762055
MeshRenderer:
  m_ObjectHideFlags: 0
  m_PrefabParentObject: {fileID: 0}
  m_PrefabInternal: {fileID: 0}
  m_GameObject: {fileID: 1935762053}
  m_Enabled: 0
  m_CastShadows: 1
  m_ReceiveShadows: 1
  m_DynamicOccludee: 1
  m_MotionVectors: 1
  m_LightProbeUsage: 1
  m_ReflectionProbeUsage: 1
  m_RenderingLayerMask: 4294967295
  m_Materials:
  - {fileID: 10303, guid: 0000000000000000f000000000000000, type: 0}
  m_StaticBatchInfo:
    firstSubMesh: 0
    subMeshCount: 0
  m_StaticBatchRoot: {fileID: 0}
  m_ProbeAnchor: {fileID: 0}
  m_LightProbeVolumeOverride: {fileID: 0}
  m_ScaleInLightmap: 1
  m_PreserveUVs: 0
  m_IgnoreNormalsForChartDetection: 0
  m_ImportantGI: 0
  m_StitchLightmapSeams: 0
  m_SelectedEditorRenderState: 3
  m_MinimumChartSize: 4
  m_AutoUVMaxDistance: 0.5
  m_AutoUVMaxAngle: 89
  m_LightmapParameters: {fileID: 0}
  m_SortingLayerID: 0
  m_SortingLayer: 0
  m_SortingOrder: 0
--- !u!33 &1935762056
MeshFilter:
  m_ObjectHideFlags: 0
  m_PrefabParentObject: {fileID: 0}
  m_PrefabInternal: {fileID: 0}
  m_GameObject: {fileID: 1935762053}
  m_Mesh: {fileID: 10202, guid: 0000000000000000e000000000000000, type: 0}
--- !u!4 &1935762057
Transform:
  m_ObjectHideFlags: 0
  m_PrefabParentObject: {fileID: 0}
  m_PrefabInternal: {fileID: 0}
  m_GameObject: {fileID: 1935762053}
  m_LocalRotation: {x: -0, y: -0, z: -0, w: 1}
  m_LocalPosition: {x: -29.075064, y: -2.4982429, z: 0.10147524}
  m_LocalScale: {x: 0.5, y: 5, z: 1}
  m_Children: []
  m_Father: {fileID: 1483017920}
  m_RootOrder: 0
  m_LocalEulerAnglesHint: {x: 0, y: 0, z: 0}
--- !u!1001 &2012848965
Prefab:
  m_ObjectHideFlags: 0
  serializedVersion: 2
  m_Modification:
    m_TransformParent: {fileID: 1194725034}
    m_Modifications:
    - target: {fileID: 4138180075326406, guid: 1684d49001f18dc4c9010b8428601d51, type: 2}
      propertyPath: m_LocalPosition.x
      value: 14.58
      objectReference: {fileID: 0}
    - target: {fileID: 4138180075326406, guid: 1684d49001f18dc4c9010b8428601d51, type: 2}
      propertyPath: m_LocalPosition.y
      value: -4.28
      objectReference: {fileID: 0}
    - target: {fileID: 4138180075326406, guid: 1684d49001f18dc4c9010b8428601d51, type: 2}
      propertyPath: m_LocalPosition.z
      value: 0
      objectReference: {fileID: 0}
    - target: {fileID: 4138180075326406, guid: 1684d49001f18dc4c9010b8428601d51, type: 2}
      propertyPath: m_LocalRotation.x
      value: -0
      objectReference: {fileID: 0}
    - target: {fileID: 4138180075326406, guid: 1684d49001f18dc4c9010b8428601d51, type: 2}
      propertyPath: m_LocalRotation.y
      value: -0
      objectReference: {fileID: 0}
    - target: {fileID: 4138180075326406, guid: 1684d49001f18dc4c9010b8428601d51, type: 2}
      propertyPath: m_LocalRotation.z
      value: -0
      objectReference: {fileID: 0}
    - target: {fileID: 4138180075326406, guid: 1684d49001f18dc4c9010b8428601d51, type: 2}
      propertyPath: m_LocalRotation.w
      value: 1
      objectReference: {fileID: 0}
    - target: {fileID: 4138180075326406, guid: 1684d49001f18dc4c9010b8428601d51, type: 2}
      propertyPath: m_RootOrder
      value: 2
      objectReference: {fileID: 0}
    - target: {fileID: 1220359818576190, guid: 1684d49001f18dc4c9010b8428601d51, type: 2}
      propertyPath: m_Name
      value: Cylinder (2)
      objectReference: {fileID: 0}
    - target: {fileID: 1220359818576190, guid: 1684d49001f18dc4c9010b8428601d51, type: 2}
      propertyPath: m_TagString
      value: Wall
      objectReference: {fileID: 0}
    m_RemovedComponents: []
  m_ParentPrefab: {fileID: 100100000, guid: 1684d49001f18dc4c9010b8428601d51, type: 2}
  m_IsPrefabParent: 0
--- !u!1001 &2029487879
Prefab:
  m_ObjectHideFlags: 0
  serializedVersion: 2
  m_Modification:
    m_TransformParent: {fileID: 1194725034}
    m_Modifications:
    - target: {fileID: 4138180075326406, guid: 1684d49001f18dc4c9010b8428601d51, type: 2}
      propertyPath: m_LocalPosition.x
      value: 50.25
      objectReference: {fileID: 0}
    - target: {fileID: 4138180075326406, guid: 1684d49001f18dc4c9010b8428601d51, type: 2}
      propertyPath: m_LocalPosition.y
      value: 3.81
      objectReference: {fileID: 0}
    - target: {fileID: 4138180075326406, guid: 1684d49001f18dc4c9010b8428601d51, type: 2}
      propertyPath: m_LocalPosition.z
      value: 0
      objectReference: {fileID: 0}
    - target: {fileID: 4138180075326406, guid: 1684d49001f18dc4c9010b8428601d51, type: 2}
      propertyPath: m_LocalRotation.x
      value: -0
      objectReference: {fileID: 0}
    - target: {fileID: 4138180075326406, guid: 1684d49001f18dc4c9010b8428601d51, type: 2}
      propertyPath: m_LocalRotation.y
      value: -0
      objectReference: {fileID: 0}
    - target: {fileID: 4138180075326406, guid: 1684d49001f18dc4c9010b8428601d51, type: 2}
      propertyPath: m_LocalRotation.z
      value: -0
      objectReference: {fileID: 0}
    - target: {fileID: 4138180075326406, guid: 1684d49001f18dc4c9010b8428601d51, type: 2}
      propertyPath: m_LocalRotation.w
      value: 1
      objectReference: {fileID: 0}
    - target: {fileID: 4138180075326406, guid: 1684d49001f18dc4c9010b8428601d51, type: 2}
      propertyPath: m_RootOrder
      value: 21
      objectReference: {fileID: 0}
    - target: {fileID: 1220359818576190, guid: 1684d49001f18dc4c9010b8428601d51, type: 2}
      propertyPath: m_Name
      value: Cylinder (19)
      objectReference: {fileID: 0}
    - target: {fileID: 1220359818576190, guid: 1684d49001f18dc4c9010b8428601d51, type: 2}
      propertyPath: m_TagString
      value: Wall
      objectReference: {fileID: 0}
    m_RemovedComponents: []
  m_ParentPrefab: {fileID: 100100000, guid: 1684d49001f18dc4c9010b8428601d51, type: 2}
  m_IsPrefabParent: 0
--- !u!4 &2029487880 stripped
Transform:
  m_PrefabParentObject: {fileID: 4138180075326406, guid: 1684d49001f18dc4c9010b8428601d51,
    type: 2}
  m_PrefabInternal: {fileID: 2029487879}
--- !u!4 &2127281387 stripped
Transform:
  m_PrefabParentObject: {fileID: 4138180075326406, guid: 1684d49001f18dc4c9010b8428601d51,
    type: 2}
  m_PrefabInternal: {fileID: 856371535}
--- !u!4 &2128933320 stripped
Transform:
  m_PrefabParentObject: {fileID: 4138180075326406, guid: 1684d49001f18dc4c9010b8428601d51,
    type: 2}
  m_PrefabInternal: {fileID: 880682853}
--- !u!1 &2129215245
GameObject:
  m_ObjectHideFlags: 0
  m_PrefabParentObject: {fileID: 0}
  m_PrefabInternal: {fileID: 0}
  serializedVersion: 5
  m_Component:
  - component: {fileID: 2129215249}
  - component: {fileID: 2129215248}
  - component: {fileID: 2129215247}
  - component: {fileID: 2129215246}
  m_Layer: 0
  m_Name: Cube (4)
  m_TagString: Score
  m_Icon: {fileID: 0}
  m_NavMeshLayer: 0
  m_StaticEditorFlags: 0
  m_IsActive: 1
--- !u!65 &2129215246
BoxCollider:
  m_ObjectHideFlags: 0
  m_PrefabParentObject: {fileID: 0}
  m_PrefabInternal: {fileID: 0}
  m_GameObject: {fileID: 2129215245}
  m_Material: {fileID: 0}
  m_IsTrigger: 1
  m_Enabled: 1
  serializedVersion: 2
  m_Size: {x: 1, y: 1, z: 1}
  m_Center: {x: 0, y: 0, z: 0}
--- !u!23 &2129215247
MeshRenderer:
  m_ObjectHideFlags: 0
  m_PrefabParentObject: {fileID: 0}
  m_PrefabInternal: {fileID: 0}
  m_GameObject: {fileID: 2129215245}
  m_Enabled: 0
  m_CastShadows: 1
  m_ReceiveShadows: 1
  m_DynamicOccludee: 1
  m_MotionVectors: 1
  m_LightProbeUsage: 1
  m_ReflectionProbeUsage: 1
  m_RenderingLayerMask: 4294967295
  m_Materials:
  - {fileID: 10303, guid: 0000000000000000f000000000000000, type: 0}
  m_StaticBatchInfo:
    firstSubMesh: 0
    subMeshCount: 0
  m_StaticBatchRoot: {fileID: 0}
  m_ProbeAnchor: {fileID: 0}
  m_LightProbeVolumeOverride: {fileID: 0}
  m_ScaleInLightmap: 1
  m_PreserveUVs: 0
  m_IgnoreNormalsForChartDetection: 0
  m_ImportantGI: 0
  m_StitchLightmapSeams: 0
  m_SelectedEditorRenderState: 3
  m_MinimumChartSize: 4
  m_AutoUVMaxDistance: 0.5
  m_AutoUVMaxAngle: 89
  m_LightmapParameters: {fileID: 0}
  m_SortingLayerID: 0
  m_SortingLayer: 0
  m_SortingOrder: 0
--- !u!33 &2129215248
MeshFilter:
  m_ObjectHideFlags: 0
  m_PrefabParentObject: {fileID: 0}
  m_PrefabInternal: {fileID: 0}
  m_GameObject: {fileID: 2129215245}
  m_Mesh: {fileID: 10202, guid: 0000000000000000e000000000000000, type: 0}
--- !u!4 &2129215249
Transform:
  m_ObjectHideFlags: 0
  m_PrefabParentObject: {fileID: 0}
  m_PrefabInternal: {fileID: 0}
  m_GameObject: {fileID: 2129215245}
  m_LocalRotation: {x: -0, y: -0, z: -0, w: 1}
  m_LocalPosition: {x: 0.044937134, y: -2.9182427, z: 0.10147524}
  m_LocalScale: {x: 0.5, y: 5, z: 1}
  m_Children: []
  m_Father: {fileID: 1483017920}
  m_RootOrder: 4
  m_LocalEulerAnglesHint: {x: 0, y: 0, z: 0}
